@article{Giannozzi2009,
    title = {{QUANTUM ESPRESSO: a modular and open-source software project for quantum simulations of materials.}},
    year = {2009},
    journal = {Journal of physics. Condensed matter : an Institute of Physics journal},
    author = {Giannozzi, Paolo and Baroni, Stefano and Bonini, Nicola and Calandra, Matteo and Car, Roberto and Cavazzoni, Carlo and Ceresoli, Davide and Chiarotti, Guido L and Cococcioni, Matteo and Dabo, Ismaila and Dal Corso, Andrea and de Gironcoli, Stefano and Fabris, Stefano and Fratesi, Guido and Gebauer, Ralph and Gerstmann, Uwe and Gougoussis, Christos and Kokalj, Anton and Lazzeri, Michele and Martin-Samos, Layla and Marzari, Nicola and Mauri, Francesco and Mazzarello, Riccardo and Paolini, Stefano and Pasquarello, Alfredo and Paulatto, Lorenzo and Sbraccia, Carlo and Scandolo, Sandro and Sclauzero, Gabriele and Seitsonen, Ari P and Smogunov, Alexander and Umari, Paolo and Wentzcovitch, Renata M},
    number = {39},
    pages = {395502},
    volume = {21},
    isbn = {0953-8984},
    doi = {10.1088/0953-8984/21/39/395502},
    issn = {0953-8984},
    pmid = {21832390},
    arxivId = {0906.2569}
}

@article{Barfuss2013,
    title = {{Elemental topological insulator with tunable Fermi level: strained {$\alpha$}-Sn on InSb(001).}},
    year = {2013},
    journal = {Physical review letters},
    author = {Barfuss, A and Dudy, L and Scholz, M R and Roth, H and H{\"{o}}pfner, P and Blumenstein, C and Landolt, G and Dil, J H and Plumb, N C and Radovic, M and Bostwick, A and Rotenberg, E and Fleszar, A and Bihlmayer, G and Wortmann, D and Li, G and Hanke, W and Claessen, R and Sch{\"{a}}fer, J},
    number = {15},
    month = {10},
    pages = {157205},
    volume = {111},
    url = {http://arxiv.org/abs/1308.0826},
    doi = {10.1103/PhysRevLett.111.157205},
    issn = {1079-7114},
    pmid = {24160626},
    arxivId = {1308.0826}
}

@article{Meyer2008,
archivePrefix = {arXiv},
arxivId = {arXiv:cond-mat/0009288v2},
author = {Meyer, B and Vanderbilt, David},
eprint = {0009288v2},
file = {:home/ponet/Documents/Mendeley Desktop/Meyer, Vanderbilt - 2001 - Ab initio study of BaTiO3 and PbTiO3 surfaces in external electric fields.pdf:pdf},
primaryClass = {arXiv:cond-mat},
title = {{Ab initio study of BaTiO 3 and PbTiO 3 surfaces in external electric fields}},
year = {2008}
}

@article{Xu2013,
    title = {{Large-gap quantum spin Hall insulators in tin films.}},
    year = {2013},
    journal = {Physical review letters},
    author = {Xu, Yong and Yan, Binghai and Zhang, Hai-Jun and Wang, Jing and Xu, Gang and Tang, Peizhe and Duan, Wenhui and Zhang, Shou-Cheng},
    number = {13},
    month = {9},
    pages = {136804},
    volume = {111},
    url = {http://arxiv.org/abs/1306.3008},
    doi = {10.1103/PhysRevLett.111.136804},
    issn = {1079-7114},
    pmid = {24116803},
    arxivId = {1306.3008}
}

@misc{Bernevig2006,
    title = {{Quantum spin Hall effect.}},
    year = {2006},
    booktitle = {Physical review letters},
    author = {Bernevig, B Andrei and Zhang, Shou-Cheng},
    number = {10},
    pages = {106802},
    volume = {96},
    url = {http://journals.aps.org.kuleuven.ezproxy.kuleuven.be/prl/pdf/10.1103/PhysRevLett.96.106802},
    isbn = {0031-9007 (Print){\textbackslash}r0031-9007 (Linking)},
    doi = {10.1103/PhysRevLett.96.106802},
    issn = {0031-9007},
    pmid = {16605772},
    arxivId = {cond-mat/0504147}
}

@article{Qi2010a,
    title = {{The quantum spin Hall effect and topological insulators}},
    year = {2010},
    journal = {Physics Today},
    author = {Qi, Xiao Liang and Zhang, Shou Cheng},
    number = {1},
    pages = {33--38},
    volume = {63},
    isbn = {0031-9228},
    doi = {10.1063/1.3293411},
    issn = {00319228},
    arxivId = {1001.1602},
    keywords = {Physics Today January 2010, page 33-38}
}

@article{Day2008,
    title = {{Quantum spin hall effect shows up in a quantum well insulator, just as predicted}},
    year = {2008},
    journal = {Physics Today},
    author = {Day, Charles},
    number = {1},
    pages = {19--23},
    volume = {61},
    isbn = {0031-9228{\textbackslash}r1945-0699},
    doi = {10.1063/1.2835139},
    issn = {00319228},
    keywords = {Physics Today January 2008, page 19-23}
}

@article{Girvin1999,
    title = {{The Quantum Hall Effect : Novel Excitations and Broken Symmetries}},
    year = {1999},
    author = {Girvin, Steven M},
    number = {July 1998},
    arxivId = {arXiv:cond-mat/9907002v1},
    archivePrefix = {arXiv},
    eprint = {9907002v1},
    primaryClass = {cond-mat}
}

@article{Maciejko2011,
    title = {{The Quantum Spin Hall Effect}},
    year = {2011},
    journal = {Annual Reviews of Condensed Matter Physics},
    author = {Maciejko, Joseph and Hughes, Taylor L and Zhang, Shou-Cheng},
    number = {1},
    pages = {31--53},
    volume = {2},
    url = {http://www.annualreviews.org/doi/abs/10.1146/annurev-conmatphys-062910-140538\npapers3://publication/doi/10.1146/annurev-conmatphys-062910-140538},
    isbn = {1947545419475462},
    doi = {10.1146/annurev-conmatphys-062910-140538},
    issn = {1947-5454},
    arxivId = {cond-mat/0504147v1},
    keywords = {Review article, Topological Insulators}
}

@article{Hasan2010,
    title = {{Topological Insulators}},
    year = {2010},
    journal = {Physical review letters},
    author = {Hasan, M. Z. and Kane, C. L.},
    number = {10},
    pages = {23},
    volume = {98},
    url = {http://arxiv.org/abs/1002.3895},
    isbn = {0387167617},
    doi = {10.1103/RevModPhys.82.3045},
    issn = {1079-7114},
    pmid = {17506642},
    arxivId = {1002.3895},
    keywords = {Mesoscale and Nanoscale Physics}
}

@article{CastroNeto2009,
    title = {{The electronic properties of graphene}},
    year = {2009},
    journal = {Reviews of Modern Physics},
    author = {Castro Neto, A. H. and Guinea, F. and Peres, N. M R and Novoselov, K. S. and Geim, A. K.},
    number = {1},
    pages = {109--162},
    volume = {81},
    isbn = {9780080431529},
    doi = {10.1103/RevModPhys.81.109},
    issn = {00346861},
    pmid = {21613728},
    arxivId = {0709.1163}
}

@article{Grazianetti2014,
    title = {{Exploring the morphological and electronic properties of silicene superstructures}},
    year = {2014},
    journal = {Applied Surface Science},
    author = {Grazianetti, Carlo and Chiappe, Daniele and Cinquanta, Eugenio and Tallarida, Grazia and Fanciulli, Marco and Molle, Alessandro},
    pages = {109--112},
    volume = {291},
    publisher = {Elsevier B.V.},
    url = {http://dx.doi.org/10.1016/j.apsusc.2013.08.121},
    isbn = {0169-4332},
    doi = {10.1016/j.apsusc.2013.08.121},
    issn = {01694332},
    keywords = {Post-deposition annealing, STM/STS, Silicene, Symmetry breaking}
}

@article{Houssa2014,
    title = {{Theoretical aspects of graphene-like group IV semiconductors}},
    year = {2014},
    journal = {Applied Surface Science},
    author = {Houssa, M. and Van Den Broek, B. and Scalise, E. and Ealet, B. and Pourtois, G. and Chiappe, D. and Cinquanta, E. and Grazianetti, C. and Fanciulli, M. and Molle, A. and Afanas'Ev, V. V. and Stesmans, A.},
    pages = {98--103},
    volume = {291},
    publisher = {Elsevier B.V.},
    url = {http://dx.doi.org/10.1016/j.apsusc.2013.09.062},
    isbn = {1520-5126 (Electronic){\textbackslash}n0002-7863 (Linking)},
    doi = {10.1016/j.apsusc.2013.09.062},
    issn = {01694332},
    pmid = {20828123},
    keywords = {Electronic structure, First-principles calculations, Silicene}
}

@article{VanDenBroek2014,
    title = {{First-principles electronic functionalization of silicene and germanene by adatom chemisorption}},
    year = {2014},
    journal = {Applied Surface Science},
    author = {Van Den Broek, B. and Houssa, M. and Scalise, E. and Pourtois, G. and Afanas'Ev, V. V. and Stesmans, A.},
    pages = {104--108},
    volume = {291},
    publisher = {Elsevier B.V.},
    url = {http://dx.doi.org/10.1016/j.apsusc.2013.09.032},
    isbn = {0169-4332},
    doi = {10.1016/j.apsusc.2013.09.032},
    issn = {01694332},
    keywords = {Adatom chemisorption, DFT, Electronic functionalization, Graphene physics, Si/Ge 2D lattices}
}

@article{Cinquanta2013,
    title = {{Getting through the nature of silicene: An sp2-sp3 two-dimensional silicon nanosheet}},
    year = {2013},
    journal = {Journal of Physical Chemistry C},
    author = {Cinquanta, Eugenio and Scalise, Emilio and Chiappe, Daniele and Grazianetti, Carlo and Van Den Broek, Bas and Houssa, Michel and Fanciulli, Marco and Molle, Alessandro},
    number = {32},
    pages = {16719--16724},
    volume = {117},
    isbn = {1932-7447},
    doi = {10.1021/jp405642g},
    issn = {19327447}
}

@article{Houssa2011,
    title = {{Electronic Properties of Silicene: Insights from First-Principles Modeling}},
    year = {2011},
    journal = {Journal of The Electrochemical Society},
    author = {Houssa, M. and Pourtois, G. and Heyns, M. M. and Afanas’ev, V. V. and Stesmans, a.},
    number = {2},
    pages = {H107},
    volume = {158},
    url = {http://jes.ecsdl.org/cgi/doi/10.1149/1.3522774},
    doi = {10.1149/1.3522774},
    issn = {00134651}
}

@article{Cahangirov2009,
    title = {{Two- and one-dimensional honeycomb structures of silicon and germanium}},
    year = {2009},
    journal = {Physical Review Letters},
    author = {Cahangirov, S. and Topsakal, M. and Akt??rk, E. and ??ahin, H. and Ciraci, S.},
    number = {23},
    pages = {1--4},
    volume = {102},
    isbn = {0031-9007},
    doi = {10.1103/PhysRevLett.102.236804},
    issn = {00319007},
    pmid = {19658958},
    arxivId = {0811.4412}
}

@article{Houssa2016,
    title = {{Topological to trivial insulating phase transition in stanene}},
    year = {2016},
    journal = {Nano Research},
    author = {Houssa, Michel and van Den Broek, Bas and Iordanidou, Konstantina and Lu, Anh Khoa Augustin and Pourtois, Geoffrey and Locquet, Jean Pierre and Afanas’ev, Valery and Stesmans, André},
    number = {3},
    pages = {1--5},
    volume = {9},
    doi = {10.1007/s12274-015-0956-y},
    issn = {19980000},
    keywords = {density functional theory (DFT) simulations, electronic structure, topological insulators, two-dimensional (2D) materials}
}

@article{Houssa2015,
    title = {{The rise of silicene}},
    year = {2015},
    journal = {NPG Asia Materials},
    author = {Houssa, Michel},
    number = {6},
    pages = {e191},
    volume = {7},
    publisher = {Nature Publishing Group},
    url = {http://www.nature.com/doifinder/10.1038/am.2015.60},
    doi = {10.1038/am.2015.60},
    issn = {1884-4057}
}

@article{Growth2015,
    title = {{Epitaxial growth of two-dimensional stanene}},
    year = {2015},
    number = {August},
    pages = {1--7},
    volume = {14},
    doi = {10.1038/NMAT4384},
    issn = {1476-1122},
    pmid = {26237127}
}

@article{Houssa2010a,
    title = {{Electronic properties of two-dimensional hexagonal germanium}},
    year = {2010},
    journal = {Applied Physics Letters},
    author = {Houssa, M. and Pourtois, G. and Afanas'Ev, V. V. and Stesmans, A.},
    number = {8},
    pages = {10--13},
    volume = {96},
    isbn = {0003-6951},
    doi = {10.1063/1.3332588},
    issn = {00036951}
}

@article{Tao2015,
    title = {{Silicene field-effect transistors operating at room temperature.}},
    year = {2015},
    journal = {Nature nanotechnology},
    author = {Tao, Li and Cinquanta, Eugenio and Chiappe, Daniele and Grazianetti, Carlo and Fanciulli, Marco and Dubey, Madan and Molle, Alessandro and Akinwande, Deji},
    number = {February},
    pages = {1--5},
    volume = {10},
    publisher = {Nature Publishing Group},
    url = {http://www.ncbi.nlm.nih.gov/pubmed/25643256},
    isbn = {1748-3387},
    doi = {10.1038/nnano.2014.325},
    issn = {1748-3395},
    pmid = {25643256}
}

@article{Houssa2010,
    title = {{Can silicon behave like graphene? A first-principles study}},
    year = {2010},
    journal = {Applied Physics Letters},
    author = {Houssa, M. and Pourtois, G. and Afanas'Ev, V. V. and Stesmans, A.},
    number = {11},
    volume = {97},
    doi = {10.1063/1.3489937},
    issn = {00036951}
}

@article{Stesmans2014,
    title = {{Two-dimensional hexagonal tin: ab initio geometry, stability, electronic structure and functionalization}},
    year = {2014},
    journal = {2D Materials},
    author = {Stesmans, B van den Broek and M Houssa and E Scalise and G Pourtois and V V Afanas‘ev and A},
    number = {2},
    pages = {21004},
    volume = {1},
    publisher = {IOP Publishing},
    url = {http://stacks.iop.org/2053-1583/1/i=2/a=021004},
    doi = {10.1088/2053-1583/1/2/021004},
    issn = {2053-1583}
}

@article{Guzmn-Verri2007,
    title = {{Electronic structure of silicon-based nanostructures}},
    year = {2007},
    journal = {Physical Review B - Condensed Matter and Materials Physics},
    author = {Guzm??n-Verri, Gian G. and Lew Yan Voon, L. C.},
    number = {7},
    volume = {76},
    isbn = {1098-0121},
    doi = {10.1103/PhysRevB.76.075131},
    issn = {10980121},
    pmid = {10001659},
    arxivId = {1107.0075}
}

@article{Vogl1983,
    title = {{A Semi-empirical tight-binding theory of the electronic structure of semiconductors†}},
    year = {1983},
    journal = {Journal of Physics and Chemistry of Solids},
    author = {Vogl, P. and Hjalmarson, Harold P. and Dow, John D.},
    number = {5},
    pages = {365--378},
    volume = {44},
    isbn = {0022-3697},
    doi = {10.1016/0022-3697(83)90064-1},
    issn = {00223697},
    pmid = {2084133}
}

@article{Quhe2012,
    title = {{Tunable and sizable band gap in silicene by surface adsorption.}},
    year = {2012},
    journal = {Scientific reports},
    author = {Quhe, Ruge and Fei, Ruixiang and Liu, Qihang and Zheng, Jiaxin and Li, Hong and Xu, Chengyong and Ni, Zeyuan and Wang, Yangyang and Yu, Dapeng and Gao, Zhengxiang and Lu, Jing},
    pages = {853},
    volume = {2},
    url = {http://www.pubmedcentral.nih.gov/articlerender.fcgi?artid=3497012&tool=pmcentrez&rendertype=abstract},
    isbn = {2045-2322 (Electronic){\textbackslash}r2045-2322 (Linking)},
    doi = {10.1038/srep00853},
    issn = {2045-2322},
    pmid = {23152944}
}

@article{Lin2013,
    title = {{Substrate-induced symmetry breaking in silicene}},
    year = {2013},
    journal = {Physical Review Letters},
    author = {Lin, Chun Liang and Arafune, Ryuichi and Kawahara, Kazuaki and Kanno, Mao and Tsukahara, Noriyuki and Minamitani, Emi and Kim, Yousoo and Kawai, Maki and Takagi, Noriaki},
    number = {7},
    volume = {110},
    isbn = {0031-9007{\textbackslash}r1079-7114},
    doi = {10.1103/PhysRevLett.110.076801},
    issn = {00319007},
    pmid = {25166389}
}

@article{Ezawa2012,
    title = {{Valley-polarized metals and quantum anomalous hall effect in silicene}},
    year = {2012},
    journal = {Physical Review Letters},
    author = {Ezawa, Motohiko},
    number = {5},
    pages = {3--6},
    volume = {109},
    isbn = {0031-9007{\textbackslash}n1079-7114},
    doi = {10.1103/PhysRevLett.109.055502},
    issn = {00319007},
    arxivId = {1203.0705}
}

@article{Ezawa2012a,
    title = {{A topological insulator and helical zero mode in silicene under an inhomogeneous electric field}},
    year = {2012},
    journal = {New Journal of Physics},
    author = {Ezawa, Motohiko},
    pages = {1--6},
    volume = {14},
    isbn = {1367-2630},
    doi = {10.1088/1367-2630/14/3/033003},
    issn = {13672630},
    arxivId = {1201.3687}
}

@article{Ezawa2012b,
    title = {{Quantum Hall Effects in Silicene}},
    year = {2012},
    journal = {Journal of the Physical Society of Japan},
    author = {Ezawa, Motohiko},
    number = {6},
    pages = {064705},
    volume = {81},
    isbn = {047111216X},
    doi = {10.1143/JPSJ.81.064705},
    issn = {0031-9015},
    arxivId = {arXiv:1202.1357v1}
}

@article{Ezawa2008,
    title = {{Supersymmetric structure of quantum Hall effects in graphene}},
    year = {2008},
    journal = {Physics Letters A},
    author = {Ezawa, Motohiko},
    number = {6},
    pages = {924--929},
    volume = {372},
    url = {http://arxiv.org/abs/cond-mat/0606084\nhttp://linkinghub.elsevier.com/retrieve/pii/S0375960107012297},
    isbn = {0375-9601},
    doi = {10.1016/j.physleta.2007.08.071},
    issn = {03759601},
    arxivId = {cond-mat/0606084},
    keywords = {bilayer graphene, graphene, multilayer system, quantum hall effect, supersymmetry}
}

@article{Jiang2015,
    title = {{First Principles Study on the Electronic Structure and Interface Stability of Hybrid Silicene/Fluorosilicene Nanoribbons.}},
    year = {2015},
    journal = {Scientific reports},
    author = {Jiang, Q G and Zhang, J F and Ao, Z M and Wu, Y P},
    number = {October},
    pages = {15734},
    volume = {5},
    url = {http://www.scopus.com/inward/record.url?eid=2-s2.0-84945270787&partnerID=tZOtx3y1},
    isbn = {2045-2322},
    doi = {10.1038/srep15734},
    issn = {2045-2322},
    pmid = {26496976}
}

@article{Kane2005,
    title = {{Quantum Spin hall effect in graphene}},
    year = {2005},
    journal = {Physical Review Letters},
    author = {Kane, C. L. and Mele, E. J.},
    number = {22},
    pages = {1--4},
    volume = {95},
    isbn = {9780080431529},
    doi = {10.1103/PhysRevLett.95.226801},
    issn = {00319007},
    pmid = {16384250},
    arxivId = {cond-mat/0411737v2}
}

@article{Gao2012,
    title = {{Density functional theory calculations for two-dimensional silicene with halogen functionalization}},
    year = {2012},
    journal = {Physical Chemistry Chemical Physics},
    author = {Gao, Nan and Zheng, Wei Tao and Jiang, Qing},
    number = {1},
    pages = {257},
    volume = {14},
    url = {http://www.ncbi.nlm.nih.gov/pubmed/22083171},
    isbn = {1463-9084 (Electronic){\textbackslash}n1463-9076 (Linking)},
    doi = {10.1039/c1cp22719j},
    issn = {1463-9076},
    pmid = {22083171}
}

@article{Wang2016,
    title = {{Large-gap quantum spin Hall state in functionalized dumbbell stanene}},
    year = {2016},
    journal = {Applied Physics Letters},
    author = {Wang, Ya-ping and Ji, Wei-xiao and Zhang, Chang-wen and Li, Ping and Li, Feng and Wang, Pei-ji and Li, Sheng-shi and Yan, Shi-shen},
    number = {7},
    pages = {073104},
    volume = {108},
    url = {http://scitation.aip.org/content/aip/journal/apl/108/7/10.1063/1.4942380},
    doi = {10.1063/1.4942380},
    issn = {0003-6951},
    keywords = {band inversion, first-principles, quantum spin hall effect, stanene}
}

@article{Wallace1947,
    title = {{The band theory of graphite}},
    year = {1947},
    journal = {Physical Review},
    author = {Wallace, P. R.},
    number = {9},
    pages = {622--634},
    volume = {71},
    isbn = {0031-899X},
    doi = {10.1103/PhysRev.71.622},
    issn = {0031899X},
    pmid = {24568274}
}

@article{Tahir2013,
    title = {{Quantum spin/valley Hall effect and topological insulator phase transitions in silicene}},
    year = {2013},
    journal = {Applied Physics Letters},
    author = {Tahir, M. and Manchon, A. and Sabeeh, K. and Schwingenschl??gl, U.},
    number = {16},
    volume = {102},
    doi = {10.1063/1.4803084},
    issn = {00036951},
    pmid = {23355947},
    arxivId = {1206.3650}
}

@article{Liu2011,
    title = {{Low-energy effective Hamiltonian involving spin-orbit coupling in silicene and two-dimensional germanium and tin}},
    year = {2011},
    journal = {Physical Review B - Condensed Matter and Materials Physics},
    author = {Liu, Cheng Cheng and Jiang, Hua and Yao, Yugui},
    number = {19},
    volume = {84},
    doi = {10.1103/PhysRevB.84.195430},
    issn = {10980121},
    arxivId = {1108.2933}
}

@article{Fu2007,
    title = {{Topological insulators with inversion symmetry}},
    year = {2007},
    journal = {Physical Review B - Condensed Matter and Materials Physics},
    author = {Fu, Liang and Kane, C. L.},
    number = {4},
    pages = {1--17},
    volume = {76},
    isbn = {1098-0121{\textbackslash}n1550-235X},
    doi = {10.1103/PhysRevB.76.045302},
    issn = {10980121},
    arxivId = {cond-mat/0611341}
}

@article{Liu2011a,
    title = {{Quantum spin Hall effect in silicene and two-dimensional germanium}},
    year = {2011},
    journal = {Physical Review Letters},
    author = {Liu, Cheng Cheng and Feng, Wanxiang and Yao, Yugui},
    number = {7},
    pages = {1--4},
    volume = {107},
    isbn = {1079-7114 (Electronic){\textbackslash}n0031-9007 (Linking)},
    doi = {10.1103/PhysRevLett.107.076802},
    issn = {00319007},
    pmid = {21902414},
    arxivId = {1104.1290}
}

@article{Haldane1988,
    title = {{Model for a quantum hall effect without landau levels: Condensed-matter realization of the "parity anomaly"}},
    year = {1988},
    journal = {Physical Review Letters},
    author = {Haldane, F. D M},
    number = {18},
    pages = {2015--2018},
    volume = {61},
    isbn = {0031-9007},
    doi = {10.1103/PhysRevLett.61.2015},
    issn = {00319007},
    pmid = {10038961}
}

@article{K.S.NovoselovA.K.GeimS.V.MorozovD.JiangY.ZhangS.V.DubonosI.V.Grigorieva2004,
    title = {{Electric Field Effect in Atomically Thin Carbon Films}},
    year = {2004},
    journal = {Science},
    author = {K.S. Novoselov, A.K. Geim, S.V. Morozov, D. Jiang, Y. Zhang, S.V. Dubonos, I.V.Grigorieva, A.A. Firsov2},
    number = {5696},
    pages = {666--669},
    volume = {306},
    url = {http://arxiv.org/ftp/cond-mat/papers/0410/0410550.pdf}
}

@article{Xu2015,
    title = {{Large-gap quantum spin Hall states in decorated stanene grown on a substrate}},
    year = {2015},
    journal = {Physical Review B - Condensed Matter and Materials Physics},
    author = {Xu, Yong and Tang, Peizhe and Zhang, Shou Cheng},
    number = {8},
    pages = {1--5},
    volume = {92},
    doi = {10.1103/PhysRevB.92.081112},
    issn = {1550235X}
}

@article{Fleszar2005,
    title = {{Electronic structure of <math display="inline"> <mrow> <msup> <mn>II</mn> <mi>B</mi> </msup> <mtext>−</mtext> <mn>VI</mn> </mrow> </math> semiconductors in the <math display="inline"> <mi mathvariant="italic">GW</mi> </math> approximation}},
    year = {2005},
    journal = {Physical Review B},
    author = {Fleszar, A. and Hanke, W.},
    number = {4},
    pages = {045207},
    volume = {71},
    url = {http://link.aps.org/doi/10.1103/PhysRevB.71.045207},
    doi = {10.1103/PhysRevB.71.045207},
    issn = {1098-0121}
}

@article{Sun2007,
    title = {{Size dependence of nanostructures: Impact of bond order deficiency}},
    year = {2007},
    journal = {Progress in Solid State Chemistry},
    author = {Sun, Chang Q.},
    number = {1},
    pages = {1--159},
    volume = {35},
    isbn = {0079-6786},
    doi = {10.1016/j.progsolidstchem.2006.03.001},
    issn = {00796786},
    keywords = {Acoustics, Bond contraction, Chemical bond, Compressibility, Coordination number, Crystal growth, Dielectrics, Diffusivity, Low-dimensional system, Magnetism, Mechanical strength, Mesoscopic, Nanostructures, Optics, Phase transition, Reactivity, Surface and interface, Thermal stability}
}

@article{Trivedi2014,
    title = {{Silicene and germanene: A first principle study of electronic structure and effect of hydrogenation-passivation}},
    year = {2014},
    journal = {Journal of Computational and Theoretical Nanoscience},
    author = {Trivedi, Shyam and Srivastava, Anurag and Kurchania, Rajnish},
    number = {3},
    pages = {781--788},
    volume = {11},
    doi = {10.1166/jctn.2014.3428},
    issn = {15461955},
    keywords = {Binding Energy., Electronic Structure, First Principle, Germanene, Hydrogenation, Silicene}
}

@article{Robinson2010,
    title = {{Properties of fluorinated graphene films}},
    year = {2010},
    journal = {Nano Letters},
    author = {Robinson, Jeremy T. and Burgess, James S. and Junkermeier, Chad E. and Badescu, Stefan C. and Reinecke, Thomas L. and Perkins, F. Keith and Zalalutdniov, Maxim K. and Baldwin, Jeffrey W. and Culbertson, James C. and Sheehan, Paul E. and Snow, Eric S.},
    number = {8},
    pages = {3001--3005},
    volume = {10},
    isbn = {1530-6984},
    doi = {10.1021/nl101437p},
    issn = {15306984},
    pmid = {20698613},
    keywords = {Graphene, fluorine, functionalization, graphene fluoride, perfluorographane}
}

@article{Garcia2011,
    title = {{Group-IV Graphene-and Graphane-Like Nanosheets}},
    year = {2011},
    journal = {The Journal of Physical Chemistry C},
    author = {Garcia, J.C. and de Lima, D.B. and Assali, L.V.C. and Justo, J.F.},
    pages = {13242--13246},
    url = {http://pubs.acs.org/doi/abs/10.1021/jp203657w},
    doi = {10.1021/jp203657w},
    issn = {1932-7447}
}

@article{Fu2006,
    title = {{Time reversal polarization and a Z2 adiabatic spin pump}},
    year = {2006},
    journal = {Physical Review B - Condensed Matter and Materials Physics},
    author = {Fu, Liang and Kane, C. L.},
    number = {19},
    pages = {1--13},
    volume = {74},
    isbn = {1098-0121{\textbackslash}r1550-235X},
    doi = {10.1103/PhysRevB.74.195312},
    issn = {10980121},
    arxivId = {cond-mat/0606336}
}

@article{Thouless1982,
    title = {{Quantized hall conductance in a two-Dimensional periodic potential}},
    year = {1982},
    journal = {Physical Review Letters},
    author = {Thouless, D. J. and Kohmoto, M. and Nightingale, M. P. and Den Nijs, M.},
    number = {6},
    pages = {405--408},
    volume = {49},
    isbn = {0031-9007},
    doi = {10.1103/PhysRevLett.49.405},
    issn = {00319007},
    pmid = {17191819}
}

@article{Kane2005a,
    title = {{Z2 topological order and the quantum spin hall effect}},
    year = {2005},
    journal = {Physical Review Letters},
    author = {Kane, C. L. and Mele, E. J.},
    number = {14},
    pages = {3--6},
    volume = {95},
    isbn = {0031-9007},
    doi = {10.1103/PhysRevLett.95.146802},
    issn = {00319007},
    pmid = {16241681},
    arxivId = {cond-mat/0506581}
}

@article{Mellnik2014,
    title = {{Spin-transfer torque generated by a topological insulator}},
    year = {2014},
    journal = {Nature},
    author = {Mellnik, A. R. and Lee, J. S. and Richardella, A. and Grab, J. L. and Mintun, P. J. and Fischer, M. H. and Vaezi, A. and Manchon, A. and Kim, E. A. and Samarth, N. and Ralph, D. C.},
    number = {7510},
    pages = {449--451},
    volume = {511},
    publisher = {Nature Publishing Group},
    url = {http://www.nature.com/doifinder/10.1038/nature13534},
    isbn = {0028-0836},
    doi = {10.1038/nature13534},
    issn = {0028-0836},
    pmid = {25056062},
    arxivId = {1402.1124}
}

@book{Dresselhaus2008,
    title = {{Group Theory - Application to the Physics of Condensed Matter}},
    year = {2008},
    booktitle = {Physics Today},
    author = {Dresselhaus, M S and Dresselhaus, G and Jorio, A},
    url = {http://www.getcited.org/pub/102134681\nhttp://scholar.google.com/scholar?hl=en&btnG=Search&q=intitle:Group+theory+Application+to+the+Physics+of+Condensed+Matter#7\nhttp://www.springerlink.com/content/978-3-540-32897-1/},
    isbn = {978-3-540-32899-8},
    doi = {10.1007/978-3-540-32899-8}
}

@article{J.Annett,
    title = {{Superconductivity superfluids and condensates}},
    journal = {Oxford},
    author = {{J.Annett}}
}

@book{Altland2006,
    title = {{Condensed Matter Field Theory}},
    year = {2006},
    booktitle = {Book},
    author = {Altland, a and Simons, B},
    number = {2},
    pages = {786},
    volume = {115},
    url = {http://books.google.com/books?id=0KMkfAMe3JkC},
    isbn = {9780521769754},
    doi = {10.1007/BFb0120123},
    issn = {00758450}
}

@book{Ph,
    title = {{Mesoscopic Quantum Hall effect}},
    author = {Ph, Recognizing Outstanding},
    isbn = {9783642304989}
}

@book{Fallis2013,
    title = {{LAPW dft methods}},
    year = {2015},
    booktitle = {Aging},
    author = {SINGH, DAVID J.},
    number = {11},
    pages = {956--963},
    volume = {7},
    isbn = {9788578110796},
    doi = {10.1017/CBO9781107415324.004},
    issn = {19454589},
    pmid = {25246403},
    arxivId = {arXiv:1011.1669v3},
    keywords = {Familial longevity, Functional status, Human, IGF-1 axis, Survival}
}

@book{G.D.Mahan1990,
    title = {{Many-particle physics}},
    year = {1990},
    author = {{G.D. Mahan}},
    isbn = {9781441933393},
    doi = {10.1017/CBO9781107415324.004},
    issn = {1098-6596},
    pmid = {25246403},
    arxivId = {arXiv:1011.1669v3}
}

@book{Laghzizil1993,
    title = {{Solid state}},
    year = {1993},
    booktitle = {Solid State Ionics},
    author = {Mermin, Ashcroft and},
    pages = {137--143},
    volume = {67},
    isbn = {0030839939}
}

@book{Lovesey2014,
    title = {{Topological Insulators and Topological Superconductors, by B. Andrei Bernevig with Taylor L. Hughes}},
    year = {2014},
    booktitle = {Contemporary Physics},
    author = {Lovesey, S.W.},
    pages = {353--354},
    volume = {55},
    url = {http://press.princeton.edu/titles/10039.html\nhttp://www.tandfonline.com/doi/abs/10.1080/00107514.2014.948923},
    isbn = {9781400846733},
    doi = {10.1080/00107514.2014.948923},
    issn = {0010-7514},
    pmid = {15003161},
    arxivId = {arXiv:gr-qc/9809069v1},
    archivePrefix = {arXiv},
    eprint = {9809069v1},
    primaryClass = {gr-qc}
}

@book{Theses2013,
    title = {{Vibrational Properties of Defective Oxides and 2D Nanolattices}},
    year = {2013},
    author = {Scalise, Emilio},
    number = {December},
    isbn = {9783319071817}
}

@article{Scully,
    title = {{Marlan 0. scully and m. suhail zubairy}},
    author = {Scully, Marlan and Zubairy, M Suhail}
}

@article{Annett1995,
    title = {{Statistical mechanics of phase transitions}},
    year = {1995},
    journal = {Materials Research Bulletin},
    author = {Annett, James},
    number = {3},
    pages = {382},
    volume = {30},
    isbn = {0198517300 (pbk.){\textbackslash}r0198517297 (hbk.)},
    doi = {10.1016/0025-5408(95)80010-7},
    issn = {00255408}
}

@article{Hamiltonian,
    title = {{Second-quantization representation of the Hamiltonian of an inter- acting electron gas in an external potential}},
    author = {Hamiltonian, The},
    number = {6},
    pages = {2--5},
    volume = {1}
}

@article{Simons2010,
    title = {{Chapter 2 Second Quantisation}},
    year = {2010},
    journal = {Condensed Matter Field Theory},
    author = {Simons, Ben},
    volume = {1}
}

@article{Simon2012,
    title = {{Lecture Notes for Solid State Physics (3rd Year Course 6) Hilary Term 2012}},
    year = {2012},
    journal = {Solid State Physics},
    author = {Simon, Steven H}
}

@article{RogeriodosSantosAlvesAlexSoaresdeSouza2014b,
    title = {{No Title No Title}},
    year = {2014},
    journal = {Igarss 2014},
    author = {Rog{\'{e}}rio dos Santos Alves; Alex Soares de Souza, et all},
    number = {1},
    pages = {1--5},
    isbn = {9780874216561},
    doi = {10.1007/s13398-014-0173-7.2},
    issn = {13514180},
    pmid = {15991970},
    arxivId = {arXiv:1011.1669v3},
    keywords = {high resolution images, research, risks management, sustainable reconstruction}
}

@book{Westgard1997a,
    title = {{Introduction to Electrodynamics}},
    year = {1997},
    booktitle = {Electrodynamics: A Concise Introduction},
    author = {Westgard, James Blake},
    pages = {1--69},
    url = {http://link.springer.com/10.1007/978-1-4612-2356-6_1},
    isbn = {0-13-805326-X},
    doi = {10.1007/978-1-4612-2356-6{\_}1},
    issn = {00029505},
    pmid = {20560239},
    arxivId = {0712.0689}
}

@book{Karpilovsky1988,
    title = {{Field theory}},
    year = {1988},
    author = {Karpilovsky, Gregory},
    pages = {x+551},
    volume = {120},
    isbn = {0-8247-8029-9}
}

@book{Sakurai2011,
    title = {{Modern quantum mechanics}},
    year = {2011},
    author = {Sakurai, J. J. and Napolitano, Jim},
    pages = {550},
    isbn = {978-0-8053-8291-4}
}

@book{Fradkin,
    title = {{Field theories of condensed matter physics}},
    year = {2013},
    author = {{FRADKIN}},
    pages = {854},
    volume = {64},
    isbn = {9780521764445}
}

@misc{Martin2004,
    title = {{Electronic structure: basic theory and practical methods}},
    year = {2004},
    author = {Martin, R.},
    pages = {204},
    url = {http://books.google.com/books?hl=en&amp;lr=&amp;id=dmRTFLpSGNsC&amp;oi=fnd&amp;pg=PR17&amp;dq=Electronic+Structure:+Basic+Theory+and+Practical+Methods&amp;ots=rtywUl6H7D&amp;sig=PMslIPqMD2C8itB41hULJJL-iNc},
    isbn = {9780521782852},
    doi = {10.1080/00107514.2010.509989},
    issn = {0010-7514},
    pmid = {51848380}
}

@article{Fiori2014,
    title = {{Electronics based on two-dimensional materials}},
    year = {2014},
    journal = {Nature Nanotechnology},
    author = {Fiori, Gianluca and Bonaccorso, Francesco and Iannaccone, Giuseppe and Palacios, Tomás and Neumaier, Daniel and Seabaugh, Alan and Banerjee, Sanjay K. and Colombo, Luigi},
    number = {10},
    pages = {768--779},
    volume = {9},
    url = {http://www.nature.com/doifinder/10.1038/nnano.2014.207\nhttp://dx.doi.org/10.1038/nnano.2014.207},
    isbn = {1748-3395 (Electronic){\textbackslash}r1748-3387 (Linking)},
    doi = {10.1038/nnano.2014.207},
    issn = {1748-3387},
    pmid = {25286272}
}

@article{Fleurence2012,
    title = {{Experimental evidence for epitaxial silicene on diboride thin films}},
    year = {2012},
    journal = {Physical Review Letters},
    author = {Fleurence, Antoine and Friedlein, Rainer and Ozaki, Taisuke and Kawai, Hiroyuki and Wang, Ying and Yamada-Takamura, Yukiko},
    number = {24},
    pages = {1--5},
    volume = {108},
    isbn = {1079-7114 (Electronic){\textbackslash}r0031-9007 (Linking)},
    doi = {10.1103/PhysRevLett.108.245501},
    issn = {00319007},
    pmid = {23004288}
}

@article{Vogt2012,
    title = {{Silicene: Compelling experimental evidence for graphenelike two-dimensional silicon}},
    year = {2012},
    journal = {Physical Review Letters},
    author = {Vogt, Patrick and De Padova, Paola and Quaresima, Claudio and Avila, Jose and Frantzeskakis, Emmanouil and Asensio, Maria Carmen and Resta, Andrea and Ealet, Bénédicte and Le Lay, Guy},
    number = {15},
    pages = {1--5},
    volume = {108},
    isbn = {0031-9007{\textbackslash}r1079-7114},
    doi = {10.1103/PhysRevLett.108.155501},
    issn = {00319007}
}

@article{Tsoutsou2013,
    title = {{Evidence for hybrid surface metallic band in (4 ?? 4) silicene on Ag(111)}},
    year = {2013},
    journal = {Applied Physics Letters},
    author = {Tsoutsou, D. and Xenogiannopoulou, E. and Golias, E. and Tsipas, P. and Dimoulas, A.},
    number = {23},
    volume = {103},
    doi = {10.1063/1.4841335},
    issn = {00036951}
}

@article{Derivaz2015,
    title = {{Continuous Germanene Layer on Al(111)}},
    year = {2015},
    journal = {Nano Letters},
    author = {Derivaz, Mickael and Dentel, Didier and Stephan, R??gis and Hanf, Marie Christine and Mehdaoui, Ahmed and Sonnet, Philippe and Pirri, Carmelo},
    number = {4},
    pages = {2510--2516},
    volume = {15},
    doi = {10.1021/acs.nanolett.5b00085},
    issn = {15306992},
    pmid = {25802988},
    keywords = {active devices with new, aluminum, and, because it opens the, density functional theory, germanene, in science and technology, paramount attention worldwide, physical and chemical properties, raction, raphene has attracted a, scanning tunnelling microscopy, way to, x-ray photoelectron di ff}
}

@article{Oughaddou2000,
    title = {{Ge/Ag(111) semiconductor-on-metal growth: Formation of an Ag2Ge surface alloy}},
    year = {2000},
    journal = {Physical Review B - Condensed Matter and Materials Physics},
    author = {Oughaddou, H. and Sawaya, S. and Goniakowski, J. and Aufray, B. and Le Lay, G. and Gay, J. M. and Tr{\'{e}}glia, G. and Bib{\'{e}}rian, J. P. and Barrett, N. and Guillot, C. and Mayne, A. and Dujardin, G.},
    number = {24},
    pages = {16653--16656},
    volume = {62},
    isbn = {1098-0121},
    doi = {10.1103/PhysRevB.62.16653},
    issn = {01631829}
}

@article{Meng2013,
    title = {{Buckled silicene formation on Ir(111)}},
    year = {2013},
    journal = {Nano Letters},
    author = {Meng, Lei and Wang, Yeliang and Zhang, Lizhi and Du, Shixuan and Wu, Rongting and Li, Linfei and Zhang, Yi and Li, Geng and Zhou, Haitao and Hofer, Werner A. and Gao, Hong Jun},
    number = {2},
    pages = {685--690},
    volume = {13},
    isbn = {1530-6984},
    doi = {10.1021/nl304347w},
    issn = {15306984},
    pmid = {23330602},
    keywords = {Ir(111), LEED, STM, Silicene, epitaxial growth}
}

@article{Dvila2014,
    title = {{Germanene: A novel two-dimensional germanium allotrope akin to graphene and silicene}},
    year = {2014},
    journal = {New Journal of Physics},
    author = {D??vila, M. E. and Xian, L. and Cahangirov, S. and Rubio, A. and Le Lay, G.},
    volume = {16},
    publisher = {IOP Publishing},
    isbn = {1367-2630},
    doi = {10.1088/1367-2630/16/9/095002},
    issn = {13672630},
    keywords = {ARPES, DFT, STM, germanene}
}

@article{Li2014,
    title = {{Buckled germanene formation on Pt(111)}},
    year = {2014},
    journal = {Advanced Materials},
    author = {Li, Linfei and Lu, Shuang Zan and Pan, Jinbo and Qin, Zhihui and Wang, Yu Qi and Wang, Yeliang and Cao, Geng Yu and Du, Shixuan and Gao, Hong Jun},
    number = {28},
    pages = {4820--4824},
    volume = {26},
    isbn = {1521-4095 (Electronic){\textbackslash}r0935-9648 (Linking)},
    doi = {10.1002/adma.201400909},
    issn = {15214095},
    pmid = {24841358},
    keywords = {epitaxial growth, germanene, low-energy electron diffraction, platinum, scanning tunneling microscopy}
}

@article{Wang2014,
    title = {{Broken symmetry induced band splitting in the <span class="aps-inline-formula"><math><msub><mi>Ag</mi><mn>2</mn></msub><mi>Ge</mi></math></span> surface alloy on Ag(111)}},
    year = {2014},
    journal = {Physical Review B},
    author = {Wang, W. and Sohail, Hafiz M. and Osiecki, Jacek R. and Uhrberg, R. I. G.},
    number = {12},
    pages = {125410},
    volume = {89},
    url = {http://link.aps.org/doi/10.1103/PhysRevB.89.125410},
    doi = {10.1103/PhysRevB.89.125410},
    issn = {1098-0121}
}

@article{Chiappe2014,
    title = {{Two-dimensional Si nanosheets with local hexagonal structure on a MoS 2 surface}},
    year = {2014},
    journal = {Advanced Materials},
    author = {Chiappe, Daniele and Scalise, Emilio and Cinquanta, Eugenio and Grazianetti, Carlo and Van Den Broek, Bas and Fanciulli, Marco and Houssa, Michel and Molle, Alessandro},
    number = {13},
    pages = {2096--2101},
    volume = {26},
    isbn = {1521-4095},
    doi = {10.1002/adma.201304783},
    issn = {15214095},
    pmid = {24347540},
    keywords = {nanosheets, scanning tunnelling microscopy (STM), silicene, silicon}
}

@article{Kara2009,
    title = {{Physics of silicene stripes}},
    year = {2009},
    journal = {Journal of Superconductivity and Novel Magnetism},
    author = {Kara, A. and L??andri, C. and D??vila, M. E. and De Padova, P. and Ealet, B. and Oughaddou, H. and Aufray, B. and Le Lay, G.},
    number = {3},
    pages = {259--263},
    volume = {22},
    isbn = {1557-1939},
    doi = {10.1007/s10948-008-0427-8},
    issn = {15571939},
    pmid = {19610631},
    arxivId = {0811.2611},
    keywords = {Graphene, Silicene, Stripes, Superconductivity}
}

@article{Davila2016,
    title = {{Few layer epitaxial germanene: a novel two-dimensional Dirac material}},
    year = {2016},
    journal = {Scientific Reports},
    author = {D{\'{a}}vila, María Eugenia and Le Lay, Guy},
    number = {August 2015},
    pages = {20714},
    volume = {6},
    publisher = {Nature Publishing Group},
    url = {http://www.nature.com/articles/srep20714},
    doi = {10.1038/srep20714},
    issn = {2045-2322},
    pmid = {26860590}
}

@article{Wu2014,
    title = {{Prediction of near-room-temperature quantum anomalous hall effect on honeycomb materials}},
    year = {2014},
    journal = {Physical Review Letters},
    author = {Wu, Shu Chun and Shan, Guangcun and Yan, Binghai},
    number = {25},
    pages = {1--6},
    volume = {113},
    isbn = {0031-9007},
    doi = {10.1103/PhysRevLett.113.256401},
    issn = {10797114},
    arxivId = {1405.4731}
}

@article{Wang2016a,
    title = {{Large-gap quantum spin Hall state in functionalized dumbbell stanene}},
    year = {2016},
    journal = {Applied Physics Letters},
    author = {Wang, Ya-ping and Ji, Wei-xiao and Zhang, Chang-wen and Li, Ping and Li, Feng and Wang, Pei-ji and Li, Sheng-shi and Yan, Shi-shen},
    number = {7},
    pages = {073104},
    volume = {108},
    url = {http://scitation.aip.org/content/aip/journal/apl/108/7/10.1063/1.4942380},
    doi = {10.1063/1.4942380},
    issn = {0003-6951}
}

@article{Tang2014,
    title = {{Stable two-dimensional dumbbell stanene: A quantum spin Hall insulator}},
    year = {2014},
    journal = {Physical Review B},
    author = {Tang, Peizhe and Chen, Pengcheng and Cao, Wendong and Huang, Huaqing and Cahangirov, Seymur and Xian, Lede and Xu, Yong and Zhang, Shou-Cheng and Duan, Wenhui and Rubio, Angel},
    number = {12},
    pages = {121408},
    volume = {90},
    url = {http://link.aps.org/doi/10.1103/PhysRevB.90.121408},
    doi = {10.1103/PhysRevB.90.121408},
    issn = {1098-0121},
    arxivId = {1407.1929}
}

@article{Broek2016,
    title = {{Functional silicene and stanene nanoribbons compared to graphene: electronic structure and transport}},
    year = {2016},
    journal = {2D Materials},
    author = {Broek, B van den and Houssa, M and Iordanidou, K and Pourtois, G and Afanas’ev, V V and Stesmans, A},
    number = {1},
    pages = {015001},
    volume = {3},
    publisher = {IOP Publishing},
    url = {http://stacks.iop.org/2053-1583/3/i=1/a=015001?key=crossref.557046aec136b5b7ba12487664339065},
    doi = {10.1088/2053-1583/3/1/015001},
    issn = {2053-1583},
    keywords = {2D materials, 2d materials, armchair ribbons, ballistic transport, electronic functionalization, silicene, stanene}
}

@article{Rurali2010,
    title = {{Colloquium: Structural, electronic, and transport properties of silicon nanowires}},
    year = {2010},
    journal = {Reviews of Modern Physics},
    author = {Rurali, Riccardo},
    number = {1},
    pages = {427--449},
    volume = {82},
    isbn = {0034-6861{\textbackslash}r1539-0756},
    doi = {10.1103/RevModPhys.82.427},
    issn = {00346861},
    arxivId = {arXiv:0910.2553v1}
}

@article{Min2006,
    title = {{Intrinsic and Rashba spin-orbit interactions in graphene sheets}},
    year = {2006},
    journal = {Physical Review B - Condensed Matter and Materials Physics},
    author = {Min, Hongki and Hill, J. E. and Sinitsyn, N. A. and Sahu, B. R. and Kleinman, Leonard and MacDonald, A. H.},
    number = {16},
    pages = {1--5},
    volume = {74},
    isbn = {1098-0121},
    doi = {10.1103/PhysRevB.74.165310},
    issn = {10980121},
    arxivId = {cond-mat/0606504}
}

@article{Pesin2012,
    title = {{Spintronics and pseudospintronics in graphene and topological insulators.}},
    year = {2012},
    journal = {Nature materials},
    author = {Pesin, Dmytro and MacDonald, Allan H},
    number = {5},
    pages = {409--16},
    volume = {11},
    publisher = {Nature Publishing Group},
    url = {http://www.ncbi.nlm.nih.gov/pubmed/22522641},
    isbn = {1476-1122 (Print){\textbackslash}r1476-1122 (Linking)},
    doi = {10.1038/nmat3305},
    issn = {1476-1122},
    pmid = {22522641},
    arxivId = {1308.3428}
}

@article{Fischer2013,
    title = {{Spin-Torque Generation in Topological-Insulator-Based Heterostructures}},
    year = {2013},
    author = {Fischer, Mark H and Vaezi, Abolhassan and Manchon, Aurelien and Kim, Eun-Ah},
    pages = {1--5},
    volume = {1},
    url = {http://arxiv.org/abs/1305.1328},
    doi = {10.1103/PhysRevB.93.125303},
    arxivId = {1305.1328}
}

@article{Novoselov2005,
    title = {{Two-dimensional gas of massless Dirac fermions in graphene}},
    year = {2005},
    journal = {Nature},
    author = {Novoselov, K S and Geim, A K and Morozov, S V and Jiang, D and Katsnelson, M I and Grigorieva, I V and Dubonos, S V and Firsov, A A},
    number = {7065},
    pages = {197--200},
    volume = {438},
    url = {http://www.nature.com/doifinder/10.1038/nature04233},
    isbn = {9780080431529},
    doi = {10.1038/nature04233},
    issn = {0028-0836},
    pmid = {16281030},
    arxivId = {cond-mat/0509330}
}

@article{Burkov2010,
    title = {{Spin and charge transport on the surface of a topological insulator}},
    year = {2010},
    journal = {Physical Review Letters},
    author = {Burkov, A. A. and Hawthorn, D. G.},
    number = {6},
    pages = {6--9},
    volume = {105},
    isbn = {0031-9007{\textbackslash}n1079-7114},
    doi = {10.1103/PhysRevLett.105.066802},
    issn = {00319007},
    pmid = {20867997},
    arxivId = {arXiv:1309.4195v1}
}

@article{Culcer2010,
    title = {{Two-dimensional surface charge transport in topological insulators}},
    year = {2010},
    journal = {Physical Review B},
    author = {Culcer, Dimitrie and Hwang, E. H. and Stanescu, Tudor D. and Das Sarma, S.},
    number = {15},
    pages = {155457},
    volume = {82},
    url = {http://arxiv.org/abs/1005.4931},
    doi = {10.1103/PhysRevB.82.155457},
    issn = {1098-0121},
    arxivId = {1005.4931}
}

@article{Garate2010,
    title = {{Inverse spin-galvanic effect in the interface between a topological insulator and a ferromagnet}},
    year = {2010},
    journal = {Physical Review Letters},
    author = {Garate, Ion and Franz, M.},
    number = {14},
    pages = {1--4},
    volume = {104},
    isbn = {0000000000000},
    doi = {10.1103/PhysRevLett.104.146802},
    issn = {00319007},
    pmid = {20481953},
    arxivId = {0911.0106}
}

@article{Beach2008,
    title = {{Current-induced domain wall motion}},
    year = {2008},
    journal = {Journal of Magnetism and Magnetic Materials},
    author = {Beach, G. S D and Tsoi, M. and Erskine, J. L.},
    number = {7},
    pages = {1272--1281},
    volume = {320},
    doi = {10.1016/j.jmmm.2007.12.021},
    issn = {03048853},
    keywords = {Domain wall dynamics, Ferromagnetic nanowires, Spin-transfer torque}
}

@article{Dimoulas2015,
    title = {{Silicene and germanene: Silicon and germanium in the "flatland"}},
    year = {2015},
    journal = {Microelectronic Engineering},
    author = {Dimoulas, Athanasios},
    pages = {68--78},
    volume = {131},
    doi = {10.1016/j.mee.2014.08.013},
    issn = {01679317},
    keywords = {2D hexagonal AlN, 2D materials, Germanene, Hybrid surface band, Silicene, Valence band structure}
}

@article{Cahangirov2013,
    title = {{Electronic structure of silicene on Ag(111): Strong hybridization effects}},
    year = {2013},
    journal = {Physical Review B - Condensed Matter and Materials Physics},
    author = {Cahangirov, Seymur and Audiffred, Martha and Tang, Peizhe and Iacomino, Amilcare and Duan, Wenhui and Merino, Gabriel and Rubio, Angel},
    number = {3},
    pages = {1--6},
    volume = {88},
    doi = {10.1103/PhysRevB.88.035432},
    issn = {10980121},
    arxivId = {arXiv:1305.2410v1}
}

@article{Matsukura2015,
    title = {{Control of magnetism by electric fields}},
    year = {2015},
    journal = {Nature Nanotechnology},
    author = {Matsukura, Fumihiro and Tokura, Yoshinori and Ohno, Hideo},
    number = {3},
    pages = {209--220},
    volume = {10},
    publisher = {Nature Publishing Group},
    url = {http://www.nature.com/doifinder/10.1038/nnano.2015.22},
    isbn = {1748-3387},
    doi = {10.1038/nnano.2015.22},
    issn = {1748-3387},
    pmid = {25740132}
}

@article{Checkelsky2012,
    title = {{Dirac-fermion-mediated ferromagnetism in a topological insulator}},
    year = {2012},
    journal = {Nature Physics},
    author = {Checkelsky, Joseph G. and Ye, Jianting and Onose, Yoshinori and Iwasa, Yoshihiro and Tokura, Yoshinori},
    number = {10},
    pages = {729--733},
    volume = {8},
    publisher = {Nature Publishing Group},
    url = {http://dx.doi.org/10.1038/nphys2388},
    isbn = {1745-2481},
    doi = {10.1038/nphys2388},
    issn = {1745-2473}
}

@article{Fan2014,
    title = {{Magnetization switching through giant spin-orbit torque in a magnetically doped topological insulator heterostructure.}},
    year = {2014},
    journal = {Nature materials},
    author = {Fan, Yabin and Upadhyaya, Pramey and Kou, Xufeng and Lang, Murong and Takei, So and Wang, Zhenxing and Tang, Jianshi and He, Liang and Chang, Li-te and Montazeri, Mohammad and Yu, Guoqiang and Jiang, Wanjun and Nie, Tianxiao and Schwartz, Robert N and Tserkovnyak, Yaroslav and Wang, Kang L},
    number = {7},
    pages = {699--704},
    volume = {13},
    url = {http://www.ncbi.nlm.nih.gov/pubmed/24776536},
    isbn = {1476-4660},
    doi = {10.1038/nmat3973},
    issn = {1476-1122},
    pmid = {24776536},
    keywords = {10, 1038, 28 april 2014, doi, doped topological, icles, magnetization switching through giant, nmat3973, orbit, published online, spin, torque in a magnetically}
}

@article{Fan2015,
    title = {{Electric-field control of spin-orbit torque in a magnetically doped topological insulator}},
    year = {2015},
    journal = {Nature Nanotechnology},
    author = {Fan, Yabin and Kou, Xufeng and Upadhyaya, Pramey and Shao, Qiming and Pan, Lei and Lang, Murong and Che, Xiaoyu and Tang, Jianshi and Montazeri, Mohammad and Murata, Koichi and Chang, Li-Te and Akyol, Mustafa and Yu, Guoqiang and Nie, Tianxiao and Wong, Kin L. and Liu, Jun and Wang, Yong and Tserkovnyak, Yaroslav and Wang, Kang L.},
    number = {4},
    pages = {22},
    volume = {11},
    publisher = {Nature Publishing Group},
    url = {http://arxiv.org/abs/1511.07442},
    isbn = {1748-3395},
    doi = {10.1038/nnano.2015.294},
    issn = {1748-3387},
    pmid = {26727198},
    arxivId = {1511.07442}
}

@article{Blochl1994,
    title = {{Projector augmented-wave method}},
    year = {1994},
    journal = {Physical Review B},
    author = {Bl{\"{o}}chl, P. E.},
    number = {24},
    pages = {17953--17979},
    volume = {50},
    isbn = {0163-1829 (Print){\textbackslash}n0163-1829 (Linking)},
    doi = {10.1103/PhysRevB.50.17953},
    issn = {01631829},
    pmid = {9976227},
    arxivId = {arXiv:1408.4701v2}
}

@article{DalCorso2005,
    title = {{Spin-orbit coupling with ultrasoft pseudopotentials: Application to Au and Pt}},
    year = {2005},
    journal = {Physical Review B - Condensed Matter and Materials Physics},
    author = {Dal Corso, Andrea and Conte, Adriano Mosca},
    number = {11},
    pages = {1--8},
    volume = {71},
    doi = {10.1103/PhysRevB.71.115106},
    issn = {10980121}
}

@article{Picozzi2014,
    title = {{Ferroelectric Rashba semiconductors as a novel class of multifunctional materials}},
    year = {2014},
    journal = {Frontiers in Physics},
    author = {Picozzi, Silvia},
    pages = {10},
    volume = {2},
    url = {http://journal.frontiersin.org/article/10.3389/fphy.2014.00010/abstract},
    doi = {10.3389/fphy.2014.00010},
    issn = {2296-424X},
    keywords = {Electronic Structure Theory, Ferroelectricity, GeTe, Rashba effect, Spin-orbit coupling, semiconductor spintronics.}
}

@article{Jackeli2009,
    title = {{Mott insulators in the strong spin-orbit coupling Limit: From Heisenberg to a Quantum Compass and Kitaev Models}},
    year = {2009},
    journal = {Physical Review Letters},
    author = {Jackeli, G. and Khaliullin, G.},
    number = {1},
    pages = {2--5},
    volume = {102},
    isbn = {0031-9007, 1079-7114},
    doi = {10.1103/PhysRevLett.102.017205},
    issn = {00319007},
    pmid = {19257237},
    arxivId = {0809.4658}
}

@article{Dresselhaus1955,
    title = {{Spin-Orbit Coupling Effects in Zinc Blende Structures}},
    year = {1955},
    journal = {Phys.Rev.},
    author = {Dresselhaus, G},
    number = {2},
    pages = {580--586},
    volume = {100},
    url = {http://dx.doi.org/10.1103/PhysRev.100.580%5Cnpapers2://publication/doi/10.1103/PhysRev.100.580},
    isbn = {0031-899X},
    doi = {10.1103/PhysRev.100.580},
    issn = {0031-899X}
}

@article{DiSante2013,
    title = {{Electric control of the giant rashba effect in bulk gete}},
    year = {2013},
    journal = {Advanced Materials},
    author = {Di Sante, Domenico and Barone, Paolo and Bertacco, Riccardo and Picozzi, Silvia},
    number = {4},
    pages = {509--513},
    volume = {25},
    isbn = {1521-4095 (Electronic){\textbackslash}r0935-9648 (Linking)},
    doi = {10.1002/adma.201203199},
    issn = {09359648},
    pmid = {23070981},
    keywords = {GeTe, ferroelectric, rashba effect, spintronics}
}

@article{Crepaldi2012,
    title = {{Giant ambipolar rashba effect in the semiconductor BiTeI}},
    year = {2012},
    journal = {Physical Review Letters},
    author = {Crepaldi, A. and Moreschini, L. and Aut??s, G. and Tournier-Colletta, C. and Moser, S. and Virk, N. and Berger, H. and Bugnon, Ph and Chang, Y. J. and Kern, K. and Bostwick, A. and Rotenberg, E. and Yazyev, O. V. and Grioni, M.},
    number = {9},
    pages = {1--5},
    volume = {109},
    isbn = {0031-9007{\textbackslash}n1079-7114},
    doi = {10.1103/PhysRevLett.109.096803},
    issn = {00319007},
    pmid = {23002871},
    arxivId = {1205.1395}
}

@article{Park2011,
    title = {{Orbital-angular-momentum based origin of rashba-type surface band splitting}},
    year = {2011},
    journal = {Physical Review Letters},
    author = {Park, Seung Ryong and Kim, Choong H. and Yu, Jaejun and Han, Jung Hoon and Kim, Changyoung},
    number = {15},
    pages = {1--5},
    volume = {107},
    isbn = {0031-9007{\textbackslash}r1079-7114},
    doi = {10.1103/PhysRevLett.107.156803},
    issn = {00319007},
    pmid = {22107313},
    arxivId = {1107.1554}
}

@article{Park2012,
    title = {{Orbital Rashba effect and its detection by circular dichroism angle-resolved photoemission spectroscopy}},
    year = {2012},
    journal = {Physical Review B - Condensed Matter and Materials Physics},
    author = {Park, Jin Hong and Kim, Choong H. and Rhim, Jun Won and Han, Jung Hoon},
    number = {19},
    pages = {1--9},
    volume = {85},
    doi = {10.1103/PhysRevB.85.195401},
    issn = {10980121}
}

@article{Wannier1937,
    title = {{The structure of electronic excitation levels in insulating crystals}},
    year = {1937},
    journal = {Physical Review},
    author = {Wannier, Gregory H.},
    number = {3},
    pages = {191--197},
    volume = {52},
    isbn = {0031-899X{\textbackslash}r1536-6065},
    doi = {10.1103/PhysRev.52.191},
    issn = {0031899X},
    pmid = {25246403},
    arxivId = {arXiv:1011.1669v3}
}

@article{Kohn1959,
    title = {{Analytic properties of Bloch waves and Wannier functions}},
    year = {1959},
    journal = {Physical Review},
    author = {Kohn, W.},
    number = {4},
    pages = {809--821},
    volume = {115},
    isbn = {3540000313},
    doi = {10.1103/PhysRev.115.809},
    issn = {0031899X},
    pmid = {25246403},
    arxivId = {arXiv:1011.1669v3}
}

@article{Marzari1997,
    title = {{Maximally Localized Generalized Wannier Functions for Composite Energy Bands}},
    year = {1997},
    journal = {Physical Review B},
    author = {Marzari, N. and Vanderbilt, D.},
    number = {20},
    pages = {22},
    volume = {56},
    url = {http://link.aps.org/doi/10.1103/PhysRevB.56.12847\nhttp://arxiv.org/abs/cond-mat/9707145},
    isbn = {Copyright (C) 2010 The American Physical Society},
    doi = {10.1103/PhysRevB.56.12847},
    issn = {0163-1829},
    pmid = {174},
    arxivId = {cond-mat/9707145}
}

@article{Marzari2003,
    title = {{An Introduction to Maximally-Localized Wannier Functions}},
    year = {2003},
    journal = {Highlight the Month PsiK Newsletter},
    author = {Marzari, Nicola and Souza, Ivo and Vanderbilt, David},
    number = {3},
    pages = {129--168},
    volume = {57},
    url = {http://www.mendeley.com/research/introduction-maximallylocalized-wannier-functions-1/},
    doi = {10.1103/PhysRevB.65.035109},
    issn = {0163-1829}
}

@article{Wigner1999,
    title = {{Unitary vs Antiunitary operators}},
    year = {1999},
    author = {Wigner, Eugene P},
    number = {1960},
    pages = {13--16},
    volume = {414},
    doi = {10.1063/1.1703673}
}

@article{Souza2001,
    title = {{Maximally localized Wannier functions for entangled energy bands}},
    year = {2001},
    journal = {Physical Review B},
    author = {Souza, Ivo and Marzari, Nicola and Vanderbilt, David},
    number = {3},
    pages = {035109},
    volume = {65},
    url = {http://www.mendeley.com/research/introduction-maximallylocalized-wannier-functions-1/%5Cnhttp://link.aps.org/doi/10.1103/PhysRevB.65.035109},
    isbn = {0163-1829{\textbackslash}r1095-3795},
    doi = {10.1103/PhysRevB.65.035109},
    issn = {0163-1829},
    pmid = {173448900040},
    arxivId = {cond-mat/0108084}
}

@article{Brouder2007,
    title = {{Exponential localization of Wannier functions in insulators}},
    year = {2007},
    journal = {Physical Review Letters},
    author = {Brouder, Christian and Panati, Gianluca and Calandra, Matteo and Mourougane, Christophe and Marzari, Nicola},
    number = {4},
    pages = {1--4},
    volume = {98},
    doi = {10.1103/PhysRevLett.98.046402},
    issn = {00319007},
    pmid = {17358792},
    arxivId = {cond-mat/0606726}
}

@article{Hasan2010a,
    title = {{Colloquium: Topological insulators}},
    year = {2010},
    journal = {Reviews of Modern Physics},
    author = {Hasan, M. Z. and Kane, C. L.},
    number = {4},
    pages = {3045--3067},
    volume = {82},
    isbn = {0387167617},
    doi = {10.1103/RevModPhys.82.3045},
    issn = {00346861},
    pmid = {17506642},
    arxivId = {1002.3895}
}

@article{AsbothJOroszlanyLPalyi2013,
    title = {{Topological insulators}},
    year = {2013},
    journal = {Electronic lecture notes at: http://fizipedia. bme. hu/images/1/14/Topologicalinsulators},
    author = {Asboth, J, Oroszlany, L, Palyi, A},
    pages = {46},
    isbn = {9780444633149}
}

@article{Kolobov2014,
    title = {{Ferroelectric switching in epitaxial GeTe films}},
    year = {2014},
    journal = {APL Materials},
    author = {Kolobov, A. V. and Kim, D. J. and Giussani, A. and Fons, P. and Tominaga, J. and Calarco, R. and Gruverman, A.},
    number = {6},
    volume = {2},
    url = {http://dx.doi.org/10.1063/1.4881735},
    isbn = {2166-532X},
    doi = {10.1063/1.4881735},
    issn = {2166532X}
}

@article{Rinaldi2014,
    title = {{Ferroelectricity and Rashba effect in GeTe}},
    year = {2014},
    journal = {arXiv},
    author = {Rinaldi, C. and Di Sante, D. and Giussani, A. and Wang, R. -N. and Bertoli, S. and Cantoni, M. and Baldrati, L. and Vobornik, I. and Panaccione, G. and Calarco, R. and Picozzi, S. and Bertacco, R.},
    pages = {10},
    url = {http://arxiv.org/abs/1412.2386},
    arxivId = {1412.2386}
}

@article{Vugmeister1990,
    title = {{Dipole glass and ferroelectricity in random-site electric dipole systems}},
    year = {1990},
    journal = {Reviews of Modern Physics},
    author = {Vugmeister, B. E. and Glinchuk, M. D.},
    number = {4},
    pages = {993--1026},
    volume = {62},
    isbn = {0034-6861},
    doi = {10.1103/RevModPhys.62.993},
    issn = {00346861}
}

@article{Rabe1987,
    title = {{Theory of the structural phase transition of GeTe}},
    year = {1987},
    journal = {Physical Review B},
    author = {Rabe, K. M. and Joannopoulos, J. D.},
    number = {12},
    pages = {6631--6639},
    volume = {36},
    doi = {10.1103/PhysRevB.36.6631},
    issn = {01631829},
    pmid = {9942378}
}

@article{Lines1969,
    title = {{Statistical theory for displacement ferroelectrics}},
    year = {1969},
    journal = {Physical Review},
    author = {Lines, M. E.},
    number = {2},
    pages = {797--812},
    volume = {177},
    doi = {10.1103/PhysRev.177.797},
    issn = {0031899X}
}

@article{Slater1950,
    title = {{The lorentz correction in barium titanate}},
    year = {1950},
    journal = {Physical Review},
    author = {Slater, J. C.},
    number = {6},
    pages = {748--761},
    volume = {78},
    isbn = {0031-899X},
    doi = {10.1103/PhysRev.78.748},
    issn = {0031899X}
}

@article{Liebmann2016,
    title = {{Giant Rashba-Type Spin Splitting in Ferroelectric GeTe(111)}},
    year = {2016},
    journal = {Advanced Materials},
    author = {Liebmann, Marcus and Rinaldi, Christian and Di Sante, Domenico and Kellner, Jens and Pauly, Christian and Wang, Rui Ning and Boschker, Jos Emiel and Giussani, Alessandro and Bertoli, Stefano and Cantoni, Matteo and Baldrati, Lorenzo and Asa, Marco and Vobornik, Ivana and Panaccione, Giancarlo and Marchenko, Dmitry and S??nchez-Barriga, Jaime and Rader, Oliver and Calarco, Raffaella and Picozzi, Silvia and Bertacco, Riccardo and Morgenstern, Markus},
    number = {3},
    pages = {560--565},
    volume = {28},
    doi = {10.1002/adma.201503459},
    issn = {15214095},
    pmid = {26599640},
    keywords = {Rashba effect, ferroelectricity, photoelectron spectroscopy, piezoforce microscopy}
}

@article{Kunes,
    title = {{Wannier Functions and Construction of Model Hamiltonians}},
    author = {Kunes, Jan},
    isbn = {9783893367344}
}

@article{Kim2014,
    title = {{Switchable S = 1/2 and J = 1/2 Rashba bands in ferroelectric halide perovskites.}},
    year = {2014},
    journal = {Proceedings of the National Academy of Sciences of the United States of America},
    author = {Kim, Minsung and Im, Jino and Freeman, Arthur J and Ihm, Jisoon and Jin, Hosub},
    number = {19},
    pages = {6900--4},
    volume = {111},
    url = {http://www.pnas.org/cgi/content/long/111/19/6900},
    isbn = {1091-6490 (Electronic){\textbackslash}r0027-8424 (Linking)},
    doi = {10.1073/pnas.1405780111},
    issn = {1091-6490},
    pmid = {24785294},
    keywords = {Calcium Compounds, Calcium Compounds: chemistry, Computer Simulation, Crystallization, Crystallization: methods, Electronics, Electronics: methods, Iron, Iron: chemistry, Methylamines, Methylamines: chemistry, Models, Chemical, Nanostructures, Nanostructures: chemistry, Organic Chemicals, Organic Chemicals: chemistry, Oxides, Oxides: chemistry, Titanium, Titanium: chemistry}
}

@article{Bahramy2011,
    title = {{Origin of giant bulk Rashba splitting: Application to BiTeI}},
    year = {2011},
    journal = {Physical Review B - Condensed Matter and Materials Physics},
    author = {Bahramy, M. S. and Arita, R. and Nagaosa, N.},
    number = {4},
    pages = {2--5},
    volume = {84},
    isbn = {1098-0121{\textbackslash}r1550-235X},
    doi = {10.1103/PhysRevB.84.041202},
    issn = {10980121},
    arxivId = {1105.2757}
}

@article{Jungwirth2016,
    title = {{Antiferromagnetic spintronics}},
    year = {2016},
    journal = {Nature Nanotechnology},
    author = {Jungwirth, T and Marti, X and Wadley, P and Wunderlich, J},
    number = {3},
    pages = {231--241},
    volume = {11},
    publisher = {Nature Publishing Group},
    url = {http://www.nature.com/doifinder/10.1038/nnano.2016.18},
    isbn = {1755-4349 (Electronic){\textbackslash}n1755-4330 (Linking)},
    doi = {10.1038/nnano.2016.18},
    issn = {1748-3387},
    pmid = {16852568},
    arxivId = {arXiv:1509.05296v1}
}

@article{Ishizaka2011,
    title = {{Giant Rashba-type spin splitting in bulk BiTeI}},
    year = {2011},
    journal = {Nature materials},
    author = {Ishizaka, K},
    number = {7},
    pages = {521--526},
    volume = {10},
    publisher = {Nature Publishing Group},
    url = {http://dx.doi.org/10.1038/nmat3051},
    isbn = {doi:10.1038/nmat3051},
    doi = {10.1038/nmat3051},
    issn = {1476-1122},
    pmid = {21685900}
}

@article{Datta1990,
    title = {{Electronic analog of the electro-optic modulator}},
    year = {1990},
    journal = {Applied Physics Letters},
    author = {Datta, Supriyo and Das, Biswajit},
    number = {7},
    pages = {665--667},
    volume = {56},
    isbn = {00036951},
    doi = {10.1063/1.102730},
    issn = {00036951},
    pmid = {22214155}
}

@article{Kent2015,
    title = {{A new spin on magnetic memories}},
    year = {2015},
    journal = {Nature Nanotechnology},
    author = {Kent, Andrew D. and Worledge, Daniel C.},
    number = {3},
    pages = {187--191},
    volume = {10},
    publisher = {Nature Publishing Group},
    url = {http://www.nature.com/doifinder/10.1038/nnano.2015.24},
    isbn = {1369-7021},
    doi = {10.1038/nnano.2015.24},
    issn = {1748-3387},
    pmid = {25740126}
}

@misc{Marder0470617985OTS985s_PStb_.pdf,
    title = {{Marder M.P. Condensed matter physics (2ed., Wiley, 2010)(ISBN 0470617985)(O)(T)(S)(985s){\_}PStb{\_}.pdf}}
}

@article{2014Notes:Operators,
    title = {{Notes: Spectrum of operators}},
    year = {2014},
    number = {October}
}

@misc{Harrison1999400dpiKT835s_PSa_.pdf,
    title = {{Harrison W.A. Elementary electronic structure (WS, 1999)(400dpi)(K)(T)(835s){\_}PSa{\_}.pdf}}
}

@article{Fannes2004Inhoudsopgave,
    title = {{Inhoudsopgave}},
    year = {2004},
    author = {Fannes, M and Celestijnenlaan, D}
}

@article{Fannes2004Inhoudsopgaveb,
    title = {{Inhoudsopgave}},
    year = {2004},
    author = {Fannes, M and Celestijnenlaan, D}
}

@article{Page2015Formulas,
    title = {{Formulas}},
    year = {2015},
    author = {Page, Optique Quantique},
    number = {December},
    pages = {1--5}
}

@misc{Xu2013Graphene-likeMaterials,
    title = {{Graphene-like two-dimensional materials}},
    year = {2013},
    booktitle = {Chemical Reviews},
    author = {Xu, Mingsheng and Liang, Tao and Shi, Minmin and Chen, Hongzheng},
    number = {5},
    volume = {113},
    isbn = {1520-6890 (Electronic){\textbackslash}n0009-2665 (Linking)},
    doi = {10.1021/cr300263a},
    issn = {00092665},
    pmid = {23286380}
}

@article{Acun2013TheAg111,
    title = {{The instability of silicene on Ag(111)}},
    year = {2013},
    journal = {Applied Physics Letters},
    author = {Acun, A. and Poelsema, B. and Zandvliet, H. J W and Van Gastel, R.},
    number = {26},
    volume = {103},
    doi = {10.1063/1.4860964},
    issn = {00036951},
    pmid = {{\{}pubmed{\}}}
}

@article{Matthes2013MassiveTinene.,
    title = {{Massive Dirac quasiparticles in the optical absorbance of graphene, silicene, germanene, and tinene.}},
    year = {2013},
    journal = {Journal of physics. Condensed matter : an Institute of Physics journal},
    author = {Matthes, Lars and Pulci, Olivia and Bechstedt, Friedhelm},
    number = {39},
    volume = {25},
    isbn = {0953-8984},
    doi = {10.1088/0953-8984/25/39/395305},
    issn = {1361-648X},
    pmid = {24002054}
}

@misc{PRB18-41041978.pdf,
    title = {{PRB18-4104(1978).pdf}}
}

@article{GeometryTheory,
    title = {{Geometry and Topology in Electronic Structure Theory}}
}

@article{DePadova2013EvidenceSilicene,
    title = {{Evidence of Dirac fermions in multilayer silicene}},
    year = {2013},
    journal = {Applied Physics Letters},
    author = {De Padova, Paola and Vogt, Patrick and Resta, Andrea and Avila, Jose and Razado-Colambo, Ivy and Quaresima, Claudio and Ottaviani, Carlo and Olivieri, Bruno and Bruhn, Thomas and Hirahara, Toru and Shirai, Terufusa and Hasegawa, Shuji and Carmen Asensio, Maria and Le Lay, Guy},
    number = {16},
    volume = {102},
    isbn = {0003-6951},
    doi = {10.1063/1.4802782},
    issn = {00036951}
}

@misc{Balendhran2015ElementalPhosphorene,
    title = {{Elemental analogues of graphene: Silicene, germanene, stanene, and phosphorene}},
    year = {2015},
    booktitle = {Small},
    author = {Balendhran, Sivacarendran and Walia, Sumeet and Nili, Hussein and Sriram, Sharath and Bhaskaran, Madhu},
    number = {6},
    volume = {11},
    isbn = {1613-6810},
    doi = {10.1002/smll.201402041},
    issn = {16136829},
    pmid = {25380184}
}

@article{Wang2016VanWalls,
    title = {{Van der Waals heterostructures of germanene, stanene, and silicene with hexagonal boron nitride and their topological domain walls}},
    year = {2016},
    journal = {Physical Review B - Condensed Matter and Materials Physics},
    author = {Wang, Maoyuan and Liu, Liping and Liu, Cheng Cheng and Yao, Yugui},
    number = {15},
    volume = {93},
    doi = {10.1103/PhysRevB.93.155412},
    issn = {1550235X},
    arxivId = {1603.06454}
}

@article{Vugmeister1988THETHEORY,
    title = {{THE DYNAMIC SUSCEPTIBILITY OF THE DISORDERED DIPOLE SYSTEMS. VIRIAL EXPANSION AND RANDOM FIELD THEORY}},
    year = {1988},
    author = {Vugmeister, B E and Stephanovich, V A},
    number = {6},
    pages = {673--678},
    volume = {66}
}

@article{KuneWannierSciences,
    title = {{Wannier Functions and Construction of Model Hamiltonians s Institute of Physics , Academy of Sciences}},
    author = {Kuneˇ, Jan and Republic, Czech},
    isbn = {9783893367344}
}

@article{DiSante2016IntertwinedHyperferroelectrics,
    title = {{Intertwined Rashba, Dirac, and Weyl Fermions in Hexagonal Hyperferroelectrics}},
    year = {2016},
    journal = {Physical Review Letters},
    author = {Di Sante, Domenico and Barone, Paolo and Stroppa, Alessandro and Garrity, Kevin F. and Vanderbilt, David and Picozzi, Silvia},
    number = {7},
    pages = {1--5},
    volume = {117},
    doi = {10.1103/PhysRevLett.117.076401},
    issn = {10797114},
    arxivId = {1601.03643}
}

@article{Petersen2000SimpleStates,
    title = {{Simple tight-binding model of spin-orbit splitting of sp-derived surface states}},
    year = {2000},
    journal = {Surface Science},
    author = {Petersen, L. and Hedeg{\aa}rd, P.},
    number = {1},
    pages = {49--56},
    volume = {459},
    isbn = {0039-6028},
    doi = {10.1016/S0039-6028(00)00441-6},
    issn = {00396028},
    keywords = {etc, gold, scanning tunneling microscopy, surface electronic phenomena, surface potential, surface states, work function}
}

@article{DiSante2016IntertwinedHyperferroelectricsb,
    title = {{Intertwined Rashba, Dirac, and Weyl Fermions in Hexagonal Hyperferroelectrics}},
    year = {2016},
    journal = {Physical Review Letters},
    author = {Di Sante, Domenico and Barone, Paolo and Stroppa, Alessandro and Garrity, Kevin F. and Vanderbilt, David and Picozzi, Silvia},
    number = {7},
    pages = {1--5},
    volume = {117},
    doi = {10.1103/PhysRevLett.117.076401},
    issn = {10797114},
    arxivId = {1601.03643}
}

@article{Slater1954SimplifiedProblem,
    title = {{Simplified LCAO method for the periodic potential problem}},
    year = {1954},
    journal = {Physical Review},
    author = {Slater, J. C. and Koster, G. F.},
    number = {6},
    pages = {1498--1524},
    volume = {94},
    isbn = {0031-899X},
    doi = {10.1103/PhysRev.94.1498},
    issn = {0031899X},
    pmid = {22095536}
}

@article{Agapito2016AccurateSets,
    title = {{Accurate tight-binding Hamiltonian matrices from ab initio calculations: Minimal basis sets}},
    year = {2016},
    journal = {Physical Review B - Condensed Matter and Materials Physics},
    author = {Agapito, Luis A. and Ismail-Beigi, Sohrab and Curtarolo, Stefano and Fornari, Marco and Nardelli, Marco Buongiorno},
    number = {3},
    pages = {1--9},
    volume = {93},
    doi = {10.1103/PhysRevB.93.035104},
    issn = {1550235X},
    arxivId = {1509.02558}
}

@article{Shi2013AMetal,
    title = {{A ferroelectric-like structural transition in a metal}},
    year = {2013},
    author = {Shi, Youguo and Guo, Yanfeng and Wang, Xia and Princep, Andrew J and Khalyavin, Dmitry and Manuel, Pascal and Michiue, Yuichi and Sato, Akira and Tsuda, Kenji and Yu, Shan and Arai, Masao and Shirako, Yuichi and Akaogi, Masaki and Wang, Nanlin and Yamaura, Kazunari and Boothroyd, Andrew T},
    number = {September},
    pages = {10--13},
    volume = {12},
    publisher = {Nature Publishing Group},
    doi = {10.1038/nmat3754}
}

@article{Manes2007ExistenceGraphene,
    title = {{Existence and topological stability of Fermi points in multilayered graphene}},
    year = {2007},
    journal = {Physical Review B - Condensed Matter and Materials Physics},
    author = {Ma{\~{n}}es, J. L. and Guinea, F. and Vozmediano, María A H},
    number = {15},
    pages = {1--7},
    volume = {75},
    isbn = {1098-0121},
    doi = {10.1103/PhysRevB.75.155424},
    issn = {10980121},
    arxivId = {cond-mat/0611347}
}

@article{Ishikawa2015DirectTransfer,
    title = {{Direct observation of collective modes coupled to molecular orbital–driven charge transfer}},
    year = {2015},
    journal = {Science},
    author = {Ishikawa, Tadahiko and Hayes, Stuart A and Keskin, Sercan and Corthey, Gastón and Hada, Masaki and Pichugin, Kostyantyn and Marx, Alexander and Hirscht, Julian and Shionuma, Kenta and Onda, Ken and Okimoto, Yoichi and Koshihara, Shin-ya and Yamamoto, Takashi and Cui, Hengbo and Nomura, Mitsushiro and Oshima, Yugo and Abdel-Jawad, Majed and Kato, Reizo and Miller, R J Dwayne},
    number = {6267},
    pages = {1501--1505},
    volume = {350},
    url = {http://www.sciencemag.org/content/350/6267/1501.abstract},
    isbn = {1095-9203 (Electronic){\textbackslash}r0036-8075 (Linking)},
    doi = {10.1126/science.aab3480},
    issn = {0036-8075},
    pmid = {26680192}
}

@misc{RashbaPropertiesDegeneracy,
    title = {{properties of a 2D electron gas with lifted spectral degeneracy}},
    author = {Rashba, Bychkov}
}

@misc{E04_berry2.pdf,
    title = {{E04{\_}berry2.pdf}}
}

@article{Blount1962BlochField,
    title = {{Bloch Electrons in a Magnetic Field}},
    year = {1962},
    author = {{Blount}},
    volume = {13}
}

@article{Frantzeskakis2010BandInterface,
    title = {{Band structure scenario for the giant spin-orbit splitting observed at the Bi/Si(111) interface}},
    year = {2010},
    journal = {Physical Review B - Condensed Matter and Materials Physics},
    author = {Frantzeskakis, Emmanouil and Pons, Stéphane and Grioni, Marco},
    number = {8},
    pages = {1--11},
    volume = {82},
    isbn = {1098-0121},
    doi = {10.1103/PhysRevB.82.085440},
    issn = {10980121},
    arxivId = {1006.3566}
}

@article{Yaji2010LargeSurface,
    title = {{Large Rashba spin splitting of a metallic surface-state band on a semiconductor surface}},
    year = {2010},
    journal = {Nature Communications},
    author = {Yaji, Koichiro and Ohtsubo, Yoshiyuki and Hatta, Shinichiro and Okuyama, Hiroshi and Miyamoto, Koji and Okuda, Taichi and Kimura, Akio and Namatame, Hirofumi and Taniguchi, Masaki and Aruga, Tetsuya},
    number = {2},
    pages = {17},
    volume = {1},
    publisher = {Nature Publishing Group},
    url = {http://www.nature.com/ncomms/journal/v1/n2/full/ncomms1016.html%5Cnpapers2://publication/doi/10.1038/ncomms1016},
    doi = {10.1038/ncomms1016},
    issn = {2041-1723},
    pmid = {20975678}
}

@article{For3Waves,
    title = {{3 . 4 . Example II : Phase of Bloch waves}},
    author = {For, C},
    pages = {17--25}
}

@article{Bihlmayer2007EnhancedMa,
    title = {{Enhanced Rashba spin-orbit splitting in <math display="inline"> <mrow> <mi mathvariant="normal">Bi</mi> <mo>∕</mo> <mi mathvariant="normal">Ag</mi> <mrow> <mo>(</mo> <mn>111</mn> <mo>)</mo> </mrow> </mrow> </math> and <math display="inline"> <mrow> <mi ma}},
    year = {2007},
    journal = {Physical Review B},
    author = {Bihlmayer, G. and Bl{\"{u}}gel, S. and Chulkov, E. V.},
    number = {19},
    pages = {195414},
    volume = {75},
    url = {http://link.aps.org/doi/10.1103/PhysRevB.75.195414},
    doi = {10.1103/PhysRevB.75.195414},
    issn = {1098-0121}
}

@article{Freimuth2008MaximallyFormalism,
    title = {{Maximally localized Wannier functions within the FLAPW formalism}},
    year = {2008},
    journal = {Physical Review B - Condensed Matter and Materials Physics},
    author = {Freimuth, F. and Mokrousov, Y. and Wortmann, D. and Heinze, S. and Bl{\"{u}}gel, S.},
    number = {3},
    pages = {1--14},
    volume = {78},
    isbn = {1098-0121{\textbackslash}r1550-235X},
    doi = {10.1103/PhysRevB.78.035120},
    issn = {10980121},
    pmid = {175758700074},
    arxivId = {cond-mat/0203202}
}

@article{Su2016Rashba-typeCondensates,
    title = {{Rashba-type spin-orbit coupling in bilayer Bose-Einstein condensates}},
    year = {2016},
    journal = {Physical Review A - Atomic, Molecular, and Optical Physics},
    author = {Su, S. W. and Gou, S. C. and Sun, Q. and Wen, L. and Liu, W. M. and Ji, A. C. and Ruseckas, J. and Juzeliunas, G.},
    number = {5},
    pages = {1--12},
    volume = {93},
    doi = {10.1103/PhysRevA.93.053630},
    issn = {10941622},
    arxivId = {1603.09043}
}

@article{Nordstr20114.LAPW,
    title = {{4. Magnetism in LAPW}},
    year = {2011},
    author = {Nordstr, Lars},
    number = {July}
}

@article{Marzari2012MaximallyApplications,
    title = {{Maximally localized Wannier functions: Theory and applications}},
    year = {2012},
    journal = {Reviews of Modern Physics},
    author = {Marzari, Nicola and Mostofi, Arash A. and Yates, Jonathan R. and Souza, Ivo and Vanderbilt, David},
    number = {4},
    pages = {1419--1475},
    volume = {84},
    isbn = {0034-6861{\textbackslash}r1539-0756},
    doi = {10.1103/RevModPhys.84.1419},
    issn = {00346861},
    arxivId = {arXiv:1112.5411v2}
}

@article{Wang2006AbInterpolation,
    title = {{Ab initio calculation of the anomalous Hall conductivity by Wannier interpolation}},
    year = {2006},
    journal = {Physical Review B - Condensed Matter and Materials Physics},
    author = {Wang, Xinjie and Yates, Jonathan R. and Souza, Ivo and Vanderbilt, David},
    number = {19},
    pages = {1--15},
    volume = {74},
    isbn = {1098-0121{\textbackslash}r1550-235X},
    doi = {10.1103/PhysRevB.74.195118},
    issn = {10980121},
    pmid = {99},
    arxivId = {cond-mat/0608257}
}

@article{Fu2009HexagonalBi2Te3,
    title = {{Hexagonal warping effects in the surface states of the topological insulator Bi2Te3}},
    year = {2009},
    journal = {Physical Review Letters},
    author = {Fu, Liang},
    number = {26},
    pages = {1--4},
    volume = {103},
    isbn = {1079-7114 (Electronic){\textbackslash}r0031-9007 (Linking)},
    doi = {10.1103/PhysRevLett.103.266801},
    issn = {00319007},
    pmid = {20366328},
    arxivId = {0908.1418}
}

@article{Premper2007Spin-orbitGas,
    title = {{Spin-orbit splitting in an anisotropic two-dimensional electron gas}},
    year = {2007},
    journal = {Physical Review B - Condensed Matter and Materials Physics},
    author = {Premper, J. and Trautmann, M. and Henk, J. and Bruno, P.},
    number = {7},
    pages = {1--4},
    volume = {76},
    doi = {10.1103/PhysRevB.76.073310},
    issn = {10980121}
}

@article{Ruegg2010TopologicalLattice,
    title = {{Topological insulators on the decorated honeycomb lattice}},
    year = {2010},
    journal = {Physical Review B - Condensed Matter and Materials Physics},
    author = {R{\"{u}}egg, Andreas and Wen, Jun and Fiete, Gregory A.},
    number = {20},
    pages = {1--6},
    volume = {81},
    doi = {10.1103/PhysRevB.81.205115},
    issn = {10980121},
    arxivId = {0911.4722}
}

@article{Scaramucci2012LinearMagnetism,
    title = {{Linear magnetoelectric effect by orbital magnetism}},
    year = {2012},
    journal = {Physical Review Letters},
    author = {Scaramucci, A. and Bousquet, E. and Fechner, M. and Mostovoy, M. and Spaldin, N. A.},
    number = {19},
    pages = {1--5},
    volume = {109},
    isbn = {1079-7114 (Electronic){\textbackslash}r0031-9007 (Linking)},
    doi = {10.1103/PhysRevLett.109.197203},
    issn = {00319007},
    pmid = {23215421},
    arxivId = {1207.2916}
}

@article{Xu1993Tight-bindingSemimetals,
    title = {{Tight-binding theory of the electronic structures for rhombohedral semimetals}},
    year = {1993},
    journal = {Physical Review B},
    author = {Xu, J. H. and Wang, E. G. and Ting, C. S. and Su, W. P.},
    number = {23},
    pages = {17271--17279},
    volume = {48},
    isbn = {0163-1829 (Print){\textbackslash}r0163-1829 (Linking)},
    doi = {10.1103/PhysRevB.48.17271},
    issn = {01631829},
    pmid = {10008336}
}

@article{Pfeffer1999SpinAsymmetry,
    title = {{Spin splitting of conduction subbands in III-V heterostructures due to inversion asymmetry}},
    year = {1999},
    journal = {Physical Review B (Condensed Matter and Materials Physics)},
    author = {Pfeffer, P and Zawadzki, W},
    number = {8},
    pages = {5312},
    volume = {59},
    url = {http://adsabs.harvard.edu/cgi-bin/nph-data_query?bibcode=1999PhRvB..59.5312P&link_type=ABSTRACT%5Cnpapers2://publication/doi/10.1103/PhysRevB.59.R5312},
    doi = {10.1103/PhysRevB.59.R5312},
    issn = {0163-1829}
}

@article{Cances2011TheViewpoint,
    title = {{The Microscopic Origin of the Macroscopic Dielectric Permittivity of Crystals: A Mathematical Viewpoint}},
    year = {2011},
    journal = {Numerical Analysis of Multiscale Computations. Proceedings of a Winter Workshop at the Banff International Research Station 2009},
    author = {Canc{\`{e}}s, Eric and Lewin, Mathieu and Stoltz, Gabriel},
    pages = {87--125},
    url = {http://hal.archives-ouvertes.fr/hal-00527022},
    isbn = {9783642219436},
    doi = {10.1007/978-3-642-21943-6},
    arxivId = {1010.3494}
}

@article{Hong2015QuantitativeSplitting,
    title = {{Quantitative analysis on electric dipole energy in Rashba band splitting}},
    year = {2015},
    journal = {Scientific Reports},
    author = {Hong, Jisook and Rhim, Jun-Won and Kim, Changyoung and Ryong Park, Seung and Hoon Shim, Ji},
    number = {1},
    pages = {13488},
    volume = {5},
    publisher = {Nature Publishing Group},
    url = {http://www.nature.com/articles/srep13488},
    doi = {10.1038/srep13488},
    issn = {2045-2322},
    pmid = {26323493}
}

@article{Kane1957BandAntimonide,
    title = {{Band structure of indium antimonide}},
    year = {1957},
    journal = {Journal of Physics and Chemistry of Solids},
    author = {Kane, Evan O.},
    number = {4},
    pages = {249--261},
    volume = {1},
    url = {http://linkinghub.elsevier.com/retrieve/pii/0022369757900136},
    isbn = {0022-3697},
    doi = {10.1016/0022-3697(57)90013-6},
    issn = {00223697},
    pmid = {22213424}
}

@article{Park2015MicroscopicMomentum,
    title = {{Microscopic mechanism for the Rashba spin-band splitting: Perspective from formation of local orbital angular momentum}},
    year = {2015},
    journal = {Journal of Electron Spectroscopy and Related Phenomena},
    author = {Park, Seung Ryong and Kim, Changyoung},
    pages = {6--17},
    volume = {201},
    publisher = {Elsevier B.V.},
    url = {http://dx.doi.org/10.1016/j.elspec.2014.12.009},
    doi = {10.1016/j.elspec.2014.12.009},
    issn = {03682048},
    keywords = {Circular dichroism in ARPES, Local orbital angular momentum, Rashba spin-band splitting}
}

@article{Komider2013LargeMonolayers,
    title = {{Large spin splitting in the conduction band of transition metal dichalcogenide monolayers}},
    year = {2013},
    journal = {Physical Review B - Condensed Matter and Materials Physics},
    author = {Komider, K. and Gonz??lez, J. W. and Fern??ndez-Rossier, J.},
    number = {24},
    pages = {1--7},
    volume = {88},
    isbn = {1098-0121},
    doi = {10.1103/PhysRevB.88.245436},
    issn = {10980121},
    arxivId = {1311.0049}
}

@article{Mostofi2014AnFunctions,
    title = {{An updated version of wannier90: A tool for obtaining maximally-localised Wannier functions}},
    year = {2014},
    journal = {Computer Physics Communications},
    author = {Mostofi, Arash A. and Yates, Jonathan R. and Pizzi, Giovanni and Lee, Young Su and Souza, Ivo and Vanderbilt, David and Marzari, Nicola},
    number = {8},
    pages = {2309--2310},
    volume = {185},
    isbn = {0010-4655},
    doi = {10.1016/j.cpc.2014.05.003},
    issn = {00104655},
    pmid = {256183500006},
    arxivId = {0708.0650},
    keywords = {Density-functional theory, Electronic structure, Maximally-localised Wannier function}
}

@article{Huang2017AperiodicThe,
    title = {{Aperiodic topological order in the}},
    year = {2017},
    journal = {Nature Publishing Group},
    author = {Huang, Fei-ting and Cheong, Sang-wook},
    pages = {1--18},
    volume = {2},
    publisher = {Macmillan Publishers Limited},
    url = {http://dx.doi.org/10.1038/natrevmats.2017.4},
    doi = {10.1038/natrevmats.2017.4}
}

@article{Huang2016TopologicalPerovskites,
    title = {{Topological defects at octahedral tilting plethora in bi-layered perovskites}},
    year = {2016},
    journal = {Nature Publishing Group},
    author = {Huang, Fei-ting and Gao, Bin and Kim, Jae-wook and Luo, Xuan and Wang, Yazhong and Chu, Ming-wen and Chang, Chung-kai and Sheu, Hwo-shuenn},
    number = {June},
    pages = {1--6},
    volume = {1},
    publisher = {The Author(s)},
    url = {http://dx.doi.org/10.1038/npjquantmats.2016.17},
    doi = {10.1038/npjquantmats.2016.17}
}

@article{usakowski2015DFTSemiconductor,
    title = {{DFT calculations of magnetic anisotropy energy of Ge 1 − x Mn x Te ferromagnetic semiconductor}},
    year = {2015},
    author = {{\L}usakowski, A and Bogus{\l}awski, P and Story, T},
    pages = {1--22},
    arxivId = {arXiv:1502.01715v3}
}

@article{Kotliar2008ElectronicApproach,
    title = {{Electronic Structure Calculations with Dynamical Mean–Field Theory: A Spectral Density Functional Approach}},
    year = {2008},
    author = {Kotliar, G and Savrasov, S Y and Haule, K and Oudovenko, V S and Parcollet, O and Marianetti, C A},
    pages = {1--87},
    arxivId = {arXiv:cond-mat/0511085v1},
    archivePrefix = {arXiv},
    eprint = {0511085v1},
    primaryClass = {cond-mat}
}

@article{Thonhauser2011TheorySolids,
    title = {{Theory of Orbital Magnetization in Solids}},
    year = {2011},
    author = {Thonhauser, T},
    url = {http://arxiv.org/abs/1105.5251%0Ahttp://dx.doi.org/10.1142/S0217979211058912},
    isbn = {0217979211058},
    doi = {10.1142/S0217979211058912},
    issn = {0217-9792},
    arxivId = {1105.5251},
    keywords = {berry phase, bloch functions, chern invariant, density functional theory, electron, extended systems, finite, first-principles, magnetism, magnetization, nuclear magnetic resonance, orbital magnetic moment and, paramagnetic resonance, periodic and, pseudopotentials, semi-classical, solids, temperature, wannier functions}
}

@article{Fukuda1995NovelSystems,
    title = {{Novel Use of Legendre Transformation in Field Theory and Many Particle Systems}},
    year = {1995},
    journal = {Progress of Theoretical Physics Supplement},
    author = {Fukuda, Reijiro and Komachiya, Masahiro and Yokojima, Satoshi and Suzuki, Yoko and Okumura, Ko and Inagaki, Takeshi},
    number = {121},
    pages = {1--428},
    volume = {121},
    doi = {10.1143/PTPS.121.1},
    issn = {0375-9687}
}

@article{Feynman1948Space-timeMechanics,
    title = {{Space-time approach to non-relativistic quantum mechanics}},
    year = {1948},
    journal = {Reviews of Modern Physics},
    author = {Feynman, R. P.},
    number = {2},
    pages = {367--387},
    volume = {20},
    isbn = {1539-0756},
    doi = {10.1103/RevModPhys.20.367},
    issn = {00346861}
}

@article{Ebert2011CalculatingApplications,
    title = {{Calculating condensed matter properties using the KKR-Green's function method—recent developments and applications}},
    year = {2011},
    journal = {Reports on Progress in Physics},
    author = {Ebert, H and K{\"{o}}dderitzsch, D and Min{\'{a}}r, J},
    number = {9},
    pages = {096501},
    volume = {74},
    url = {http://stacks.iop.org/0034-4885/74/i=9/a=096501?key=crossref.c843322550e8db779454bc297bae2586},
    isbn = {0034-4885},
    doi = {10.1088/0034-4885/74/9/096501},
    issn = {0034-4885}
}

@article{Papanikolaou2002ConceptualMethod,
    title = {{Conceptual improvements of the KKR method}},
    year = {2002},
    journal = {Journal of Physics: Condensed Matter},
    author = {Papanikolaou, N and Zeller, R and Dederichs, P H},
    number = {11},
    pages = {2799--2823},
    volume = {14},
    url = {http://iopscience.iop.org/0953-8984/14/11/304%5Cnhttp://stacks.iop.org/0953-8984/14/i=11/a=304?key=crossref.1e31233d9979e27025d049ed373cee71},
    doi = {10.1088/0953-8984/14/11/304},
    issn = {0953-8984},
    keywords = {KKR, KKR-GF, full potential}
}

@article{Georges1996DynamicalDimensions,
    title = {{Dynamical mean-field theory of strongly correlated fermion systems and the limit of infinite dimensions}},
    year = {1996},
    journal = {Reviews of Modern Physics},
    author = {Georges, A and Kotliar, G and Krauth, W and Rozenberg, M},
    number = {1},
    pages = {13--125},
    volume = {68},
    url = {http://journals.aps.org/rmp/abstract/10.1103/RevModPhys.68.13},
    isbn = {0034-6861},
    doi = {http://dx.doi.org/10.1103/RevModPhys.68.13},
    issn = {0034-6861},
    pmid = {18278568}
}

@article{Aoki2013NonequilibriumApplications,
    title = {{Nonequilibrium dynamical mean-field theory and its applications}},
    year = {2013},
    author = {Aoki, Hideo and Tsuji, Naoto and Eckstein, Martin and Kollar, Marcus and Oka, Takashi and Werner, Philipp},
    url = {http://arxiv.org/abs/1310.5329%0Ahttp://dx.doi.org/10.1103/RevModPhys.86.779},
    doi = {10.1103/RevModPhys.86.779},
    issn = {1539-0756},
    arxivId = {1310.5329}
}

@article{Rashba1959SymmetryAr,
    title = {{Symmetry of Energy Bands in Crystals of Wurtzite Type II . Symmetry of Bands with Spin-Orbit Interaction}},
    year = {1959},
    journal = {Fiz. Tverd. Tela: Collected Papers},
    author = {Rashba, Emmanuel and Sheka, V.},
    number = {2},
    pages = {162--76}
}

@article{Krempasky2015SurfaceSemiconductor,
    title = {{Surface versus bulk contributions to the giant Rashba splitting in the ferroelectric {\{}{\textbackslash}alpha{\}}-GeTe(111) semiconductor}},
    year = {2015},
    author = {Krempask{\'{y}}, J. and Volfov{\'{a}}, H. and Muff, S. and Pilet, N. and Landolt, G. and Radovi{\'{c}}, M. and Shi, M. and Kriegner, D. and Hol{\'{y}}, V. and Braun, J. and Ebert, H. and Bisti, F. and Rogalev, V. A. and Strocov, V. N. and Springholz, G. and Min{\'{a}}r, J. and Dil, J. H.},
    number = {111},
    pages = {1--10},
    url = {http://arxiv.org/abs/1503.05004%0Ahttp://dx.doi.org/10.1103/PhysRevB.94.205111},
    doi = {10.1103/PhysRevB.94.205111},
    arxivId = {1503.05004}
}

@article{WilamowskiEvaluationWell,
    title = {{Evaluation of the Bychkov- Rashba Field from the Spin Resonance of Electrons in a Si Quantum Well}},
    author = {Wilamowski, Z and Jantsch, W},
    number = {2},
    pages = {1--4},
    keywords = {are controlled by classical, calculators, conduction electron spin resonance, construct a spin based, elec-, electronic device, essors, rashba field, spin proc-, spin relaxation, spintronic, the present attempts to, where spin switches or, zero field splitting}
}

@article{Governale2002SpinCoupling,
    title = {{Spin accumulation in quantum wires with strong Rashba spin-orbit coupling}},
    year = {2002},
    journal = {Physical Review B},
    author = {Governale, M. and Z{\"{u}}licke, U.},
    number = {7},
    pages = {073311},
    volume = {66},
    url = {https://link.aps.org/doi/10.1103/PhysRevB.66.073311},
    isbn = {1098-0121},
    doi = {10.1103/PhysRevB.66.073311},
    issn = {0163-1829},
    arxivId = {cond-mat/0201164}
}

@article{Bychkov1984OscillatoryLayers,
    title = {{Oscillatory effects and the magnetic susceptibility of carriers in inversion layers}},
    year = {1984},
    journal = {Journal of Physics C: Solid State Physics},
    author = {Bychkov, Yu A and Rashba, E I},
    number = {33},
    pages = {6039--6045},
    volume = {17},
    url = {http://stacks.iop.org/0022-3719/17/i=33/a=015?key=crossref.2f8159f54a3070499f32bac53e23f947},
    isbn = {0022-3719},
    doi = {10.1088/0022-3719/17/33/015},
    issn = {0022-3719}
}

@article{Nagano2009ASystems,
    title = {{A first-principles study on the Rashba effect in surface systems}},
    year = {2009},
    journal = {Journal of Physics: Condensed Matter},
    author = {Nagano, Miki and Kodama, Ayaka and Shishidou, T and Oguchi, T},
    number = {6},
    pages = {064239},
    volume = {21},
    url = {http://stacks.iop.org/0953-8984/21/i=6/a=064239?key=crossref.b5036b78380339d329250441fe056b48},
    isbn = {0953-8984},
    doi = {10.1088/0953-8984/21/6/064239},
    issn = {0953-8984},
    pmid = {21715941}
}

@article{Nunez2011AntiferromagneticSpintronics,
    title = {{Antiferromagnetic Metal Spintronics}},
    year = {2011},
    author = {Nunez, A. S. and Duine, R. A. and MacDonald, A. H.},
    pages = {3098--3114},
    url = {http://arxiv.org/abs/cond-mat/0510797},
    isbn = {1364-503X (Print){\textbackslash}r1364-503X (Linking)},
    doi = {10.1098/rsta.2011.0014},
    issn = {1364-503X},
    pmid = {21727116},
    arxivId = {cond-mat/0510797},
    keywords = {antiferromagnets, giant magnetoresistance, spin-transfer torque, spintronics}
}

@article{Ralph2008SpinTorques,
    title = {{Spin transfer torques}},
    year = {2008},
    journal = {Journal of Magnetism and Magnetic Materials},
    author = {Ralph, D. C. and Stiles, M. D.},
    number = {7},
    pages = {1190--1216},
    volume = {320},
    isbn = {0304-8853},
    doi = {10.1016/j.jmmm.2007.12.019},
    issn = {03048853},
    pmid = {21164010},
    arxivId = {0711.4608},
    keywords = {Magnetic tunnel junction, Spin transfer, Spin valve}
}

@article{Slonczewski1996Current-drivenMultilayers,
    title = {{Current-driven excitation of magnetic multilayers}},
    year = {1996},
    journal = {Journal of Magnetism and Magnetic Materials},
    author = {Slonczewski, J.C.},
    number = {1-2},
    pages = {L1-L7},
    volume = {159},
    url = {http://linkinghub.elsevier.com/retrieve/pii/0304885396000625},
    isbn = {0304-8853},
    doi = {10.1016/0304-8853(96)00062-5},
    issn = {03048853},
    arxivId = {arXiv:1601.07392v2}
}

@article{Nunez2006TheoryMetals,
    title = {{Theory of spin torques and giant magnetoresistance in antiferromagnetic metals}},
    year = {2006},
    journal = {Physical Review B - Condensed Matter and Materials Physics},
    author = {N{\'{u}}{\~{n}}ez, A. S. and Duine, R. A. and Haney, Paul and MacDonald, A. H.},
    number = {21},
    pages = {1--9},
    volume = {73},
    doi = {10.1103/PhysRevB.73.214426},
    issn = {10980121}
}

@article{Bazaliy1998ModificationMaterials,
    title = {{Modification of the Landau-Lifshitz equation in the presence of a spin-polarized current in colossal- and giant-magnetoresistive materials}},
    year = {1998},
    journal = {Physical Review B},
    author = {Bazaliy, Ya. B. and Jones, B. A. and Zhang, Shou-Cheng},
    number = {6},
    pages = {R3213-R3216},
    volume = {57},
    url = {https://link.aps.org/doi/10.1103/PhysRevB.57.R3213},
    isbn = {1550-235X},
    doi = {10.1103/PhysRevB.57.R3213},
    issn = {0163-1829},
    arxivId = {cond-mat/9706132}
}

@article{Cheng2013MicroscopicFerromagnets,
    title = {{Microscopic derivation of spin-transfer torque in ferromagnets}},
    year = {2013},
    journal = {Physical Review B - Condensed Matter and Materials Physics},
    author = {Cheng, Ran and Niu, Qian},
    number = {2},
    pages = {1--6},
    volume = {88},
    doi = {10.1103/PhysRevB.88.024422},
    issn = {10980121},
    arxivId = {1212.1964}
}

@article{Nunez2017SpinConservation,
    title = {{Spin Transfer Without Spin Conservation}},
    year = {2017},
    author = {N{\'{u}}{\~{n}}ez, Alvaro S. and MacDonald, A. H.},
    number = {1},
    pages = {1--4},
    volume = {2},
    url = {http://arxiv.org/abs/cond-mat/0403710},
    arxivId = {cond-mat/0403710}
}

@article{Haney2008Current-inducedAntiferromagnets,
    title = {{Current-induced torques due to compensated antiferromagnets}},
    year = {2008},
    journal = {Physical Review Letters},
    author = {Haney, Paul M. and MacDonald, A. H.},
    number = {19},
    pages = {1--4},
    volume = {100},
    doi = {10.1103/PhysRevLett.100.196801},
    issn = {00319007},
    pmid = {18518471},
    arxivId = {0708.3231}
}

@article{BenSpinRegimes,
    title = {{Spin Transfer Torque in Antiferromagnetic Spin-Valves: From Clean to Disordered Regimes}},
    author = {Ben, Hamed and Saidaoui, Mohamed and Manchon, Aurelien and Waintal, Xavier},
    pages = {1--9},
    doi = {10.1103/PhysRevB.89.174430},
    arxivId = {arXiv:1403.6383v1}
}

@article{Nunez2006TheorySemiconductors,
    title = {{Theory of spin transfer phenomena in magnetic metals and semiconductors}},
    year = {2006},
    journal = {Solid State Communications},
    author = {N{\'{u}}{\~{n}}ez, Alvaro S. and MacDonald, Allan H.},
    number = {1},
    pages = {31--34},
    volume = {139},
    isbn = {9812568581},
    doi = {10.1016/j.ssc.2006.05.004},
    issn = {00381098},
    keywords = {A. Magnetic metals, D. Non-equilibrium, D. Spin transport}
}

@article{Gomonay2010SpinAntiferromagnets,
    title = {{Spin transfer and current-induced switching in antiferromagnets}},
    year = {2010},
    journal = {Physical Review B - Condensed Matter and Materials Physics},
    author = {Gomonay, Helen V. and Loktev, Vadim M.},
    number = {14},
    pages = {1--10},
    volume = {81},
    doi = {10.1103/PhysRevB.81.144427},
    issn = {10980121},
    arxivId = {0909.0234}
}

@article{PeculiarMoment,
    title = {{Peculiar magnetoelectricity in triangular AFM Fe- langasite is due to toroidal moment}},
    pages = {120}
}

@misc{Cellbz.pdf,
    title = {{cellbz.pdf}}
}

@article{Gomonay2014SpintronicsSystems,
    title = {{Spintronics of antiferromagnetic systems}},
    year = {2014},
    journal = {Fizika Nizkikh Temperatur},
    author = {Gomonay, H. V. and Loktev, V. M.},
    number = {1},
    pages = {22--47},
    volume = {40},
    isbn = {1063-777X{\textbackslash}r1090-6517},
    doi = {10.1063/1.4862467},
    issn = {18160328},
    keywords = {Antiferromagnetic, Magnetization dynamics, Spin-dependendent interaction, Spin-polarized current}
}

@article{Fiebig2008UltrafastCompounds,
    title = {{Ultrafast magnetization dynamics of antiferromagnetic compounds}},
    year = {2008},
    journal = {Journal of Physics D: Applied Physics},
    author = {Fiebig, Manfred and Duong, Nguyen Phuc and Satoh, Takuya and Van Aken, Bas B and Miyano, Kenjiro and Tomioka, Yasuhide and Tokura, Yoshinori},
    number = {16},
    pages = {164005},
    volume = {41},
    url = {http://stacks.iop.org/0022-3727/41/i=16/a=164005?key=crossref.201e225a2f0a15db9a70012355efff4e},
    isbn = {0022-3727},
    doi = {10.1088/0022-3727/41/16/164005},
    issn = {0022-3727}
}

@article{Tsymbal2001PerspectivesMagnetoresistance,
    title = {{Perspectives of giant magnetoresistance}},
    year = {2001},
    journal = {Solid State Physics - Advances in Research and Applications},
    author = {Tsymbal, E. Y. and Pettifor, D. G.},
    number = {C},
    pages = {113--237},
    volume = {56},
    isbn = {0126077568},
    doi = {10.1016/S0081-1947(01)80019-9},
    issn = {00811947}
}

@article{Zelezny2014RelativisticAntiferromagnets,
    title = {{Relativistic n{\'{e}}el-order fields induced by electrical current in antiferromagnets}},
    year = {2014},
    journal = {Physical Review Letters},
    author = {{\v{Z}}elezn{\'{y}}, J. and Gao, H. and V{\'{y}}born{\'{y}}, K. and Zemen, J. and Ma{\v{s}}ek, J. and Manchon, Aurélien and Wunderlich, J. and Sinova, Jairo and Jungwirth, T.},
    number = {15},
    pages = {1--5},
    volume = {113},
    doi = {10.1103/PhysRevLett.113.157201},
    issn = {10797114},
    pmid = {25375735},
    arxivId = {1410.8296}
}

@article{Zhang2014HiddenCrystals,
    title = {{Hidden spin polarization in inversion-symmetric bulk crystals}},
    year = {2014},
    journal = {Nature Physics},
    author = {Zhang, Xiuwen and Liu, Qihang and Luo, Jun-Wei and Freeman, Arthur J. and Zunger, Alex},
    number = {5},
    pages = {387--393},
    volume = {10},
    url = {http://www.nature.com/doifinder/10.1038/nphys2933},
    isbn = {1745-2473{\textbackslash}r1745-2481},
    doi = {10.1038/nphys2933},
    issn = {1745-2473},
    arxivId = {1402.4446}
}

@article{Shick2010Spin-orbitSpintronics,
    title = {{Spin-orbit coupling induced anisotropy effects in bimetallic antiferromagnets: A route towards antiferromagnetic spintronics}},
    year = {2010},
    journal = {Physical Review B - Condensed Matter and Materials Physics},
    author = {Shick, A. B. and Khmelevskyi, S. and Mryasov, O. N. and Wunderlich, J. and Jungwirth, T.},
    number = {21},
    pages = {1--4},
    volume = {81},
    isbn = {1098-0121},
    doi = {10.1103/PhysRevB.81.212409},
    issn = {10980121},
    arxivId = {1002.2151}
}

@article{Sinova2015SpinEffects,
    title = {{Spin Hall effects}},
    year = {2015},
    journal = {Reviews of Modern Physics},
    author = {Sinova, Jairo and Valenzuela, Sergio O. and Wunderlich, J. and Back, C. H. and Jungwirth, T.},
    number = {4},
    pages = {1213--1260},
    volume = {87},
    isbn = {0034-6861},
    doi = {10.1103/RevModPhys.87.1213},
    issn = {15390756},
    arxivId = {1411.3249}
}

@article{Go2016SurfacePhysics,
    title = {{Surface orbitronics: new twists from orbital Rashba physics}},
    year = {2016},
    author = {Go, Dongwook and Hanke, Jan-Philipp and Buhl, Patrick M. and Freimuth, Frank and Bihlmayer, Gustav and Lee, Hyun-Woo and Mokrousov, Yuriy and Bl{\"{u}}gel, Stefan},
    number = {1},
    pages = {1--8},
    url = {http://arxiv.org/abs/1611.04674%0Ahttp://dx.doi.org/10.1038/srep46742},
    doi = {10.1038/srep46742},
    issn = {2045-2322},
    arxivId = {1611.04674}
}

@article{Zhang2013EngineeringFreedom,
    title = {{Engineering quantum anomalous Hall phases with orbital and spin degrees of freedom}},
    year = {2013},
    journal = {Physical Review B - Condensed Matter and Materials Physics},
    author = {Zhang, Hongbin and Freimuth, Frank and Bihlmayer, Gustav and Le{\v{z}}ai{\'{c}}, Marjana and Bl{\"{u}}gel, Stefan and Mokrousov, Yuriy},
    number = {20},
    volume = {87},
    isbn = {1098-0121{\textbackslash}n1550-235X},
    doi = {10.1103/PhysRevB.87.205132},
    issn = {10980121},
    arxivId = {1301.4426}
}

@article{Thonhauser2005OrbitalInsulators,
    title = {{Orbital magnetization in periodic insulators}},
    year = {2005},
    journal = {Physical Review Letters},
    author = {Thonhauser, T. and Ceresoli, Davide and Vanderbilt, David and Resta, R.},
    number = {13},
    pages = {1--4},
    volume = {95},
    doi = {10.1103/PhysRevLett.95.137205},
    issn = {00319007},
    pmid = {16197172},
    arxivId = {cond-mat/0505518}
}

@article{Resta2000ManifestationsMatter,
    title = {{Manifestations of Berry's phase in molecules and condensed matter}},
    year = {2000},
    journal = {Journal of Physics: Condensed Matter},
    author = {Resta, Raffaele},
    number = {9},
    pages = {R107-R143},
    volume = {12},
    url = {http://stacks.iop.org/0953-8984/12/i=9/a=201?key=crossref.47763a9cb3983064dc94e4fb7c762e82},
    isbn = {0953-8984},
    doi = {10.1088/0953-8984/12/9/201},
    issn = {0953-8984},
    pmid = {1939}
}

@article{Ceresoli2006OrbitalMetals,
    title = {{Orbital magnetization in crystalline solids: Multi-band insulators, Chern insulators, and metals}},
    year = {2006},
    journal = {Physical Review B - Condensed Matter and Materials Physics},
    author = {Ceresoli, Davide and Thonhauser, T. and Vanderbilt, David and Resta, R.},
    number = {2},
    pages = {1--14},
    volume = {74},
    isbn = {1098-0121},
    doi = {10.1103/PhysRevB.74.024408},
    issn = {10980121},
    pmid = {104},
    arxivId = {cond-mat/0512142}
}

@article{Selloni1987LocalizationSalts,
    title = {{Localization, hopping, and diffusion of electrons in molten salts}},
    year = {1987},
    journal = {Physical Review Letters},
    author = {Selloni, A. and Carnevali, P. and Car, R. and Parrinello, M.},
    number = {7},
    pages = {823--826},
    volume = {59},
    isbn = {0031-9007},
    doi = {10.1103/PhysRevLett.59.823},
    issn = {00319007},
    pmid = {10035880}
}

@article{Mostovoy2006FerroelectricityMagnets,
    title = {{Ferroelectricity in spiral magnets}},
    year = {2006},
    journal = {Physical Review Letters},
    author = {Mostovoy, Maxim},
    number = {6},
    pages = {1--4},
    volume = {96},
    isbn = {0031-9007 (Print){\textbackslash}n0031-9007 (Linking)},
    doi = {10.1103/PhysRevLett.96.067601},
    issn = {10797114},
    pmid = {16606047},
    arxivId = {cond-mat/0510692}
}

@article{Dzyaloshinskii1960OnAntiferromagnets,
    title = {{On the magneto-electrical effect in antiferromagnets}},
    year = {1960},
    journal = {Journal of Soviet Physics Jetp},
    author = {Dzyaloshinskii, Ie E},
    number = {3},
    pages = {628--629},
    volume = {10},
    url = {http://scholar.google.com/scholar?hl=en&btnG=Search&q=intitle:On+the+magneto-electrical+effect+in+antiferromagnets#0},
    isbn = {0038-5646},
    issn = {0038-5646}
}

@book{NoTitle,
    title = {{No Title}},
    isbn = {9780521835213}
}

@article{Odashima2016PedagogicalImplementations,
    title = {{Pedagogical introduction to equilibrium Green's functions: condensed matter examples with numerical implementations}},
    year = {2016},
    author = {Odashima, Mariana M. and Prado, Beatriz G. and Vernek, E.},
    number = {1},
    pages = {1--24},
    url = {http://arxiv.org/abs/1604.02499%0Ahttp://dx.doi.org/10.1590/1806-9126-RBEF-2016-0087},
    isbn = {1806-1117 UL - http://www.scielo.br/scielo.php?script=sci{\_}arttext{\&}pid=S1806-11172017000100402{\&}nrm=iso},
    doi = {10.1590/1806-9126-RBEF-2016-0087},
    issn = {1806-1117},
    pmid = {19963286},
    arxivId = {1604.02499},
    keywords = {density of, green, low-dimensional physics, quantum transport, s functions, tight-binding}
}

@article{VanAken2004TheYMnO3,
    title = {{The origin of ferroelectricity in magnetoelectric YMnO3}},
    year = {2004},
    journal = {Nature Materials},
    author = {Van Aken, Bas B. and Palstra, Thomas T.M. and Filippetti, Alessio and Spaldin, Nicola A.},
    number = {3},
    pages = {164--170},
    volume = {3},
    url = {http://www.nature.com/doifinder/10.1038/nmat1080},
    isbn = {1476-1122 (Print){\textbackslash}n1476-1122 (Linking)},
    doi = {10.1038/nmat1080},
    issn = {1476-1122},
    pmid = {14991018}
}

@article{Wang2009Multiferroicity:Orders,
    title = {{Multiferroicity: The coupling between magnetic and polarization orders}},
    year = {2009},
    journal = {Advances in Physics},
    author = {Wang, K. F. and Liu, J. M. and Ren, Z. F.},
    number = {4},
    pages = {321--448},
    volume = {58},
    isbn = {0001-8732},
    doi = {10.1080/00018730902920554},
    issn = {00018732},
    arxivId = {0908.0662},
    keywords = {Charge-ordered state, Electromagnon, Ferroelectricity, Helical spin-ordered state, Magnetism, Magnetization, Magnetoelectric coupling, Multiferroicity, Multiferroics, Polarization, Spatial-inversion symmetry breaking, Time-reversion symmetry breaking}
}

@article{Transitions1964Sfw,
    title = {{sfw}},
    year = {1964},
    author = {Transitions, Phase and The, O F and Kind, Second},
    number = {4},
    pages = {960--971},
    volume = {19}
}

@article{Khannanov2014Giant5,
    title = {{Giant polarization and magnetic dynamics in GdMn 2 O 5}},
    year = {2014},
    journal = {Journal of Physics: Conference Series},
    author = {Khannanov, B Kh and Golovenchits, E I and Sanina, V A},
    number = {1},
    pages = {12046},
    volume = {572},
    url = {http://stacks.iop.org/1742-6596/572/i=1/a=012046},
    doi = {10.1088/1742-6596/572/1/012046},
    issn = {17426596 17426588}
}

@article{Lee2013Giant5,
    title = {{Giant tunability of ferroelectric polarization in GdMn2O 5}},
    year = {2013},
    journal = {Physical Review Letters},
    author = {Lee, N. and Vecchini, C. and Choi, Y. J. and Chapon, L. C. and Bombardi, A. and Radaelli, P. G. and Cheong, S. W.},
    number = {13},
    pages = {2--5},
    volume = {110},
    isbn = {1079-7114 (Electronic){\textbackslash}n0031-9007 (Linking)},
    doi = {10.1103/PhysRevLett.110.137203},
    issn = {00319007},
    pmid = {23581365}
}

@article{Suzuki2006LectureEffect,
    title = {{Lecture note on Solid State Physics de Haas-van Alphen effect}},
    year = {2006},
    journal = {Binghamton.Edu},
    author = {Suzuki, M. and Suzuki, I. S.},
    pages = {1--41},
    url = {http://www2.binghamton.edu/physics/docs/note-dhva.pdf},
    isbn = {9788578110796},
    doi = {10.1017/CBO9781107415324.004},
    issn = {1098-6596},
    pmid = {25246403},
    arxivId = {arXiv:1011.1669v3}
}

@article{Artyukhin2012FrustratedDynamics,
    title = {{Frustrated magnets: non-collinear spin textures, excitations and dynamics}},
    year = {2012},
    author = {Artyukhin, Sergey Leonidovich}
}

@book{Lifshitz1982CourseTheory,
    title = {{Course of Theoretical Physics -\\ Volume 4: Relativistic Quantum Theory}},
    year = {1982},
    author = {Lifshitz, E. M.  and Berestetskii, V. B. and Pitaevskii, Lev Petrovich},
    edition = {2nd Edition},
    publisher = {Elsevier},
    url = {http://ci.nii.ac.jp/ncid/BA20776995}
}
